3324 5078
234 309 275 372 98
801 304 897 360 Ernest
914 304 996 360 Sthhr

235 503 360 584 igitur?
406 503 535 568 Oasune
565 501 822 582 oscitatioueqne
846 501 1026 566 scribarum
1060 500 1165 562 tribus
1199 500 1264 563 illis
1290 501 1369 565 locis
1404 501 1434 564 iu
1461 500 1568 564 altera

239 610 363 674 familia
387 608 530 672 codicum
555 607 728 671 articulum
753 607 961 672 intercidisse
990 625 1031 669 au
1056 605 1250 685 scripturam
1278 626 1340 670 nun
1367 607 1566 670 intellectam

234 714 368 778 librario
386 713 495 777 fraudi
518 712 619 776 fnisse
643 714 836 777 cerrsemlnm
860 716 936 778 est‘?
973 714 1121 777 Alteram
1147 712 1341 790 lumcviam,
1361 731 1566 791 quemnemo

236 839 297 884 non
322 819 494 901 praeferet,
522 819 569 882 ita
592 837 650 900 ego
675 819 847 882 ineundam
872 838 999 896 censeo,
1024 827 1060 883 ut
1084 820 1149 883 illis
1175 819 1263 891 locis,
1289 818 1407 898 qrniims
1424 819 1566 882 codicum
1625 903 1628 908 .

235 927 360 991 familia
390 927 438 990 11²
467 926 639 990 articulum
673 932 749 989 ante
780 925 947 1008 ἄνθρωπος
975 919 1103 1000 omisit,
1140 928 1277 990 scribam
1314 925 1479 1010 ἅνθρωπος
1516 927 1566 989 vel

235 1031 466 1098 ΑΝΘΡΩΠΟΣ
491 1033 523 1096 in
549 1052 586 1096 eo
610 1032 694 1112 quod
717 1032 892 1112 descripsit
923 1032 1111 1113 exemplari·
1132 1033 1288 1111 seriptum
1313 1032 1479 1097 invenisse
1504 1030 1566 1094 exi·

234 1140 371 1205 stimem.
420 1139 686 1206 Commixtiouem
719 1138 803 1201 enirn
837 1138 1053 1219 syllabarum,
1091 1158 1185 1218 quiam
1220 1137 1340 1204 Graeci
1373 1149 1481 1221 κρᾶσιν
1516 1136 1567 1202 vel

234 1251 387 1334 συνιζησιν
408 1247 581 1328 appellant,
605 1246 703 1309 etiarn
727 1248 767 1308 ab
785 1244 969 1309 Aristotele
986 1245 1164 1309 adhibitam
1182 1263 1255 1309 esse
1272 1245 1388 1310 docent
1404 1242 1566 1308 innumeri

234 1353 305 1430 loci,
333 1353 451 1433 quibus
475 1350 595 1436 ἅτερος,
626 1350 746 1435 ἅτεροι,
776 1349 895 1429 τᾶλλα,
926 1350 1024 1434 τᾶργα
1055 1351 1087 1414 in
1114 1351 1263 1416 omnibus
1287 1361 1322 1416 et
1344 1350 1510 1416 codicibus
1533 1357 1568 1414 ct

234 1459 431 1524 editionibus
463 1459 626 1539 leguntur.
685 1456 813 1523 Similia
843 1458 992 1538 exempla
1022 1457 1205 1539 scripturae
1237 1457 1409 1522 mendosae
1446 1457 1566 1521 scriba-

234 1586 346 1632 rnmve
362 1566 484 1630 erroris
501 1565 646 1646 reperias
663 1566 746 1645 apud
764 1565 1032 1641 Demosthenem
1062 1564 1109 1629 sic
1126 1563 1265 1645 exempli
1281 1552 1393 1646 'gratia
1409 1563 1441 1628 in
1460 1563 1567 1644 prima

233 1673 380 1738 oratione
403 1672 601 1754 Olynthiaca
629 1671 652 1757 ξ
676 1673 695 1735 3
726 1672 759 1735 in
790 1671 955 1736 codicibus
985 1671 1124 1754 legitur:
1163 1668 1207 1744 ὡς
1233 1670 1296 1735 ἔστι
1321 1673 1455 1757 μάλιστα
1478 1682 1566 1736 τοῦτο

232 1779 317 1858 δέος,
352 1783 394 1866 μη
408 1789 589 1862 πανοῦργος
610 1782 664 1842 καὶ
691 1779 790 1847 δεινὸς
813 1777 980 1863 ἄνθρωπος
1001 1782 1160 1863 πρὰηρασι
1188 1781 1397 1866 χρῆσθαι
1421 1777 1567 1865 τρέψηται

231 1891 286 1950 καὶ
308 1889 551 1971 παρασπάσηταί
573 1908 600 1948 τι
624 1895 681 1946 τῶν
697 1881 777 1947 ὅλων
793 1889 989 1970 πραγμάτων.
1032 1885 1206 1949 Bekkerus
1229 1892 1263 1948 et
1286 1884 1343 1964 qui
1366 1903 1440 1950 eum
1462 1885 1566 1950 secuti

232 1998 311 2058 sunt
334 1993 476 2058 editores
500 1990 663 2074 ἅνθρωπος
686 1991 922 2073 restituerunt3
960 1991 1141 2056 rectissime
1164 1990 1214 2055 illi
1237 1990 1378 2070 quidem,
1401 1991 1565 2073 quoniam,

232 2099 261 2165 si
286 2099 359 2181 quis
376 2098 561 2180 Philippum
588 2117 695 2179 regem
718 2099 934 2164 Macedonum
959 2097 1024 2163 dici
1048 2097 1161 2176 voluit,
1139 2103 1251 2162 tnon
1275 2098 1445 2184 ἄνθρωπον
1459 2096 1565 2175 illum,

232 2209 289 2272 sed
320 2211 370 2270 τὸν
400 2205 563 2289 ἄνθρωπον
599 2204 706 2269 dicere
742 2198 890 2270 debebat.
938 2205 1032 2270 Adde
1067 2206 1161 2270 sodes
1192 2204 1286 2294 aliud
1307 2205 1498 2289 exemplum
1532 2203 1566 2287 id

231 2331 335 2396 genus
359 2311 568 2378 exoratione
592 2311 735 2376 eiusdem
759 2311 901 2376 oratoris
932 2312 1090 2378 adversus
1115 2311 1251 2377 Midiam
1279 2311 1302 2398 g
1332 2304 1409 2388 198,
1444 2310 1540 2375 nbi'
1532 2329 1565 2374 1n

232 2420 396 2489 codicibus
420 2419 555 2502 legitur:
579 2417 614 2482 σι’)
637 2423 696 2502 γάρ
720 2416 782 2482 ἐστι
806 2423 940 2506 φορητὸς
962 2419 1146 2504 ἄνθρωπος,
1176 2417 1338 2483 ἀλλὰκαὶ
1361 2420 1485 2482 πλουτεῖ
1509 2424 1565 2503 μό-

232 2548 284 2597 νος
305 2530 360 2591 καῖ
382 2529 481 2607 λέγειν
505 2525 630 2588 lunarat
655 2529 756 2610 μόνος.
808 2525 878 2590 Ηυο
902 2543 1028 2606 quoque
1051 2525 1120 2591 loco
1143 2516 1228 2590 idem
1246 2510 1428 2590 -Bekkerns
1452 2532 1486 2589 et
1509 2525 1565 2605 qui

232 2633 302 2697 eius
328 2632 470 2714 vestigia
493 2638 570 2696 suut
593 2629 697 2695 secuti
721 2630 865 2695 editores
889 2629 1056 2717 ἅνθρωπος
1071 2633 1240 2715 legendum
1262 2637 1462 2711 statuerunt,
1482 2631 1566 2713 quod

231 2740 360 2820 quidem
384 2745 417 2804 et
441 2738 488 2803 rei
512 2744 545 2803 et
568 2737 752 2802 sententiae
783 2745 1036 2804 consentaneum
1067 2759 1138 2804 esse
1169 2758 1263 2804 nemo
1296 2758 1361 2819 uon
1390 2737 1563 2821 intellegit.

221 2847 298 2927 His
322 2845 471 2911 omnibus
495 2844 664 2910 decausis
687 2863 724 2910 eo
748 2863 843 2925 quem
868 2852 1047 2911 tractamus
1071 2847 1141 2911 loco
1164 2846 1347 2928 philosophi
1371 2845 1477 2927 nostri
1501 2863 1564 2910 non

219 2958 286 3033 ¹art
272 2953 405 3018 ticulum
430 2951 459 3016 ὁ
469 2970 541 3018 esse
566 2951 747 3016 addendum
772 2951 826 3016 vel
849 2952 1084 3032 supplendum,
1117 2953 1174 3020 sed
1206 2953 1316 3035 potius
1339 2952 1506 3038 ἄνθρωπος
1530 2952 1563 3016 in

161 3095 188 3121 ⁴.
233 3059 398 3144 ἅνθρωπος
422 3061 610 3124 mutandum
635 3077 707 3124 esse
731 3076 856 3124 censeo.

344 3167 521 3231 Praeterea
552 3165 644 3247 quasi
676 3165 710 3230 in
735 3165 880 3230 transitu
904 3185 1017 3231 moneo
1042 3166 1124 3232 nihil
1152 3186 1225 3233 esse
1248 3135 1383 3243 causae,
1414 3185 1473 3245 cur
1496 3165 1563 3232 Pol.

230 3275 343 3354 I2p.
370 3275 467 3337 1253
494 3276 606 3352 lsqq„
635 3271 723 3352 nbi
714 3290 748 3336 111
772 3272 938 3338 codicibus
962 3274 1061 3338 P¹et
1085 3272 1130 3337 Π2
1158 3274 1240 3357 legit
1241 3293 1281 3338 ur
1310 3271 1347 3339 ἐκ
1374 3277 1486 3338 τουτον
1506 3270 1564 3338 οὖν

223 3368 373 3466 Ιφανερόν,
397 3377 442 3458 ὅτι
465 3390 523 3442 τῶν
547 3382 633 3466 ρι’)σει
656 3377 676 3464 ἡ
701 3381 790 3457 πόλις
813 3376 887 3455 ἐστι’,
911 3383 967 3442 καὶ
989 3377 1033 3442 ὅτι
1058 3378 1225 3465 ἄνθρωπος
1248 3381 1300 3462 (P¹
1317 3377 1453 3463 ὁάνθρ.)
1477 3383 1565 3467 phoci

231 3488 385 3550 πολιτικὸν
403 3490 489 3570 ζῷον,
511 3470 624 3561 contra
646 3485 1036 3550 auctoritatemcodicum
1055 3477 1411 3567 praestantissimorum
1429 3487 1562 3567 verbum

231 3591 296 3657 ἐστί
325 3597 399 3671 post
422 3596 499 3676 (pon
522 3593 671 3656 addatur.
719 3591 865 3656 Primum
897 3591 983 3657 enim
1016 3593 1075 3657 hoc
1104 3589 1224 3659 docent
1245 3593 1308 3659 loci
1332 3582 1433 3674 supra
1456 3593 1562 3678 citati,
1607 3643 1610 3648 -

218 3717 365 3778 ,ηυυιοιυ
390 3695 475 3763 unus
498 3696 560 3762 ἐστι
584 3689 719 3779 praebet
734 3687 860 3780 'reliqui
891 3699 1062 3778 omittunt;
1094 3701 1211 3766 deinde
1244 3702 1303 3766 hoc
1331 3700 1400 3765 loco
1432 3705 1565 3782 propter

231 3805 427 3886 praecedens
451 3805 513 3869 ἐστί
536 3805 631 3870 facile
655 3806 758 3870 altero
783 3803 846 3870 ἐστί
870 3824 983 3871 carere
1007 3825 1185 3888 possumus,

314 3978 315 3981 η
345 3929 449 3995 Arist.
473 3929 538 3995 Pol.
564 3932 655 3996 1116
680 3950 708 4012 p.
730 3928 828 3996 1279ι
850 3933 978 3996 8-16:
1014 3933 1060 3995 διὸ
1092 3936 1146 3995 καὶ
1176 3935 1232 4001 τὰς
1262 3934 1422 4002 πολιτικὰς
1449 3930 1563 4018 ἀρχάς,

230 4033 303 4101 ὅταν
326 4036 347 4120 η
370 4038 439 4101 κατ’
463 4035 587 4123 ἰσότητα
616 4048 674 4101 τῶν
706 4039 837 4101 πολιτῶν
869 4049 1071 4123 συνεστηκυῖα
1101 4043 1154 4102 καὶ
1177 4040 1253 4103 καθ’
1278 4037 1459 4124 ὁμοιότητα,
1482 4044 1564 4103 κατὰ

232 4148 327 4227 μέρος
351 4141 482 4214 ἀξιοῦσιν
507 4143 623 4230 ἄρχειν,
657 4149 802 4228 πρότερον
827 4141 893 4228 μέν,
918 4142 938 4228 ᾗ
963 4149 1105 4232 πέφυκεν,
1142 4144 1296 4217 ἀξιοῦντες
1322 4145 1354 4210 ἐν
1386 4143 1471 4232 μέρει
1499 4149 1564 4210 λει-

230 4260 365 4334 τουργεῖν
388 4255 443 4314 καὶ
466 4263 589 4315 σκοπεῖν
613 4274 678 4316 τινα
702 4253 795 4315 πάλιν
821 4255 855 4315 τὸ
879 4248 973 4316 αὑτοῦ
998 4249 1129 4333 ἀγαθόν,
1161 4251 1263 4336 ὥσπερ
1295 4258 1441 4336 πρότερον
1472 4251 1564 4324 αὐτὸς

231 4354 337 4440 ἄρχων
361 4354 485 4422 ἐσκόπει
509 4363 541 4422 τὸ
566 4357 682 4422 ἐκείνου
706 4364 878 4446 συμφέρον,
915 4369 965 4423 νῦν
1001 4359 1035 4420 δὲ
1070 4359 1121 4422 διὰ
1155 4364 1211 4429 τὰς
1237 4357 1392 4447 ὠφελείας
1419 4364 1474 4430 τὰς
1502 4359 1563 4424 ἀπὸ

229 4473 288 4526 τῶν
310 4475 421 4528 κοινῶν
445 4469 499 4528 καὶ
521 4469 577 4538 τὰς
601 4463 636 4528 ἐκ
659 4477 713 4554 της
738 4462 841 4552 ἀρχῆς
865 4469 1026 4549 βούλονται
1050 4477 1187 4551 συνεχῶς
1211 4465 1330 4552 ἄρχειν,
1351 4464 1414 4530 οἷον
1432 4465 1458 4530 εἰ
1474 4473 1563 4530 συνέ-

215 4571 332 4652 putrer
357 4567 499 4652 ὑγιαίνειν
524 4570 573 4636 ἀεὶ
596 4584 659 4643 τοῖς
682 4573 814 4659 ἄρχουσι
839 4585 1017 4659 νοσακεροῖς
1041 4571 1134 4639 οὖσιν.
1202 4634 1205 4639 .
