3324 5078
647 345 687 399 lle
706 361 787 400 eausa
807 343 956 414 Polystrati.
1400 344 1461 411 179

128 539 213 621 quod
237 539 343 617 rediit,
370 541 404 606 id
428 542 563 634 summis
594 542 682 607 filius
713 540 808 606 effert
830 541 998 607 laudibus:
1033 561 1169 623 namque
1200 542 1259 606 boc
1290 541 1359 623 ipso
1393 532 1463 632 eum

128 647 334 712 innocentiae
372 666 452 713 suae
478 631 644 729 'magnum
684 637 911 737 argumentum
952 648 1167 729 praestitisse,
1197 667 1265 713 cum
1304 644 1464 712 recentem

130 754 380 819 Atheniensium
398 755 480 818 iram
499 754 531 818 in
550 753 805 836 quadringentos
822 739 1018 820 concitatam
1036 775 1098 820 non
1116 764 1274 820 metueret
1290 759 1322 836 (ξ
1341 758 1380 820 21
1393 738 1464 835 sip).

129 861 231 926 Recte
267 861 413 941 quidem:
449 879 552 940 neque
588 869 696 926 tamen
734 861 808 926 iude
840 861 990 942 sequitur
1023 863 1242 945 Polystratum
1266 861 1394 926 etiamsi
1420 879 1464 925 re·
1501 861 1504 865 ’

129 968 255 1045 diisset,
280 968 377 1033 etiarn
412 967 445 1031 in
476 967 598 1031 iudicio
627 955 666 1032 de
698 987 736 1033 eo
770 969 880 1033 habito
917 968 1068 1034 adfuisse.
1117 968 1203 1052 Quid
1227 967 1311 1032 enim
1346 969 1464 1044 obstat,

115 1075 301 1156 ,quominus
326 1058 518 1138 'statuamus
552 1074 605 1138 die
638 1073 751 1139 indicii
783 1095 854 1139 eum
888 1082 1001 1156 utpote
1032 1076 1167 1140 vulnere
1198 1074 1254 1139 illo
1278 1074 1465 1155 impeditum

130 1178 293 1267 ὑπωμοσίᾳ
316 1161 402 1261 apud
423 1179 550 1246 iudices
576 1180 774 1263 interposita
797 1201 869 1247 sese
893 1201 1076 1261 excusasse,
1103 1189 1209 1246 tamen
1235 1179 1396 1268 ὑπωμοσίᾳ
1420 1201 1466 1246 re-

129 1289 215 1378 iecta
239 1274 422 1379 absentem,
455 1306 526 1352 cum
562 1307 654 1352 nemo
686 1287 719 1352 ei>
748 1296 806 1352 aut
838 1296 996 1370 patronus
1030 1295 1088 1353 aut
1111 1289 1208 1376 testis
1233 1284 1369 1359 adesset.
1395 1305 1466 1351 cou-

130 1395 316 1459 demnatum
340 1398 438 1485 esse‘l
469 1394 532 1459 Oui
553 1379 605 1458 rei
630 1395 784 1484 convenit
808 1397 891 1475 quod
916 1395 1049 1459 additur
1071 1399 1092 1483 ξ
1119 1396 1157 1459 18
1182 1407 1222 1478 τῷ
1246 1395 1299 1480 μὲν
1322 1397 1381 1478 γὰρ
1404 1389 1465 1456 οὐδ’

131 1501 161 1564 εἴ
180 1523 225 1571 τις
248 1500 314 1587 εἶχε
340 1507 518 1587 μαρτυρίαν,
552 1501 732 1593 ἐμαρτίιρει
749 1503 800 1566 διὰ
831 1506 929 1566 τδέ
896 1503 966 1572 δέος
995 1514 1053 1568 τῶν
1076 1507 1270 1588 κατηγόρωνῑ
1291 1500 1353 1580 qui
1383 1499 1467 1563 enim

131 1608 171 1672 de
194 1627 254 1672 sua
278 1607 347 1688 ipse
372 1608 481 1672 salute
505 1609 680 1689 desperare
704 1589 838 1673 videbat
826 1614 889 1685 tur,
920 1627 990 1672 eum
1025 1627 1179 1690 praeseus
1204 1608 1238 1672 iu
1262 1607 1381 1695 iudicio
1404 1625 1466 1671 non
1491 1603 1493 1607 ’

131 1721 228 1790 esset,
254 1733 294 1778 ne
319 1720 422 1779 testes
446 1714 576 1794 quidem
601 1714 697 1779 facile
721 1714 940 1814 inueniebat

243 1819 356 1904 Quod
352 1829 472 1886 autem
497 1839 537 1886 ex
562 1819 731 1896 verbis
698 1845 787 1895 ουτος
809 1818 878 1885 δὲ
867 1826 936 1907 opto
960 1823 1048 1909 δίκην
1072 1821 1202 1888 δέδωκεν
1230 1826 1251 1904 ξ
1275 1824 1329 1886 22
1344 1821 1469 1909 efficere

123 1927 319 1992 ¹voluerunt
331 1911 537 2008 praesentem
556 1929 782 2011 Polystratum
800 1929 885 2010 apud
902 1928 1026 1994 iudices
1042 1947 1172 1994 causam
1190 1928 1328 2004 dixisse:
1350 1927 1469 1993 locutio

132 2035 220 2121 δίκην
244 2037 349 2100 δοῦναι
372 2034 455 2099 nibil
480 2035 570 2099 aliud
594 2034 761 2117 significat
790 2035 855 2100 nisi
881 2034 1011 2117 ‘poenas
1035 2037 1142 2101 dare’:
1172 2015 1277 2116 eoque
1303 2052 1407 2126 sensu¹
1430 2034 1470 2098 de

133 2159 189 2205 reo
222 2141 435 2206 condemnato
471 2127 556 2206 solet
592 2143 754 2224 usurpari.
802 2143 946 2225 Lysiaea
981 2134 1129 2224 exemplu
1164 2141 1351 2233 apposuisse
1386 2139 1469 2204 satis

133 2247 212 2314 erit:
250 2249 287 2323 3,
312 2249 355 2313 42
387 2247 458 2315 ἀλλ’
483 2247 550 2313 ὅσοι
580 2249 855 2334 ἐπιβοωλείισαντες
885 2247 1068 2315 ἀποκτεῖναί
1095 2271 1178 2322 τινας
1192 2231 1197 2287 f
1208 2248 1357 2332 ἐ’τρωσαν,
1391 2245 1470 2312 ἀπο-

132 2364 247 2418 κτεῖναι
271 2353 305 2415 δὲ
328 2350 385 2418 οὒκ
404 2351 620 2442 ἠδυνήθησαν,
644 2360 795 2439 περὶτῶν
819 2358 960 2445 τοιοοτων
984 2358 1040 2428 τὰς
1062 2361 1208 2440 τιμωρίας
1231 2352 1307 2418 οὕτω
1331 2344 1469 2446 μεγάλας

133 2466 369 2546 κατεστήσαντο,
393 2458 658 2551 ἡγοίμενοιδπὲρ
683 2460 724 2527 ὧν
748 2443 935 2546 ἐιβοίνλεοσαν
960 2466 1013 2526 καί
1037 2459 1283 2552 προύνοήθησαν,
1308 2458 1383 2547 ὑπὲρ
1399 2465 1468 2526 τοίν-

134 2591 191 2632 των
219 2573 384 2654 προσήκειν
414 2567 518 2639 αὐτοῖς
545 2567 639 2656 δίκην
667 2570 890 2649 teones-*qno
918 2569 988 2634 loco
1020 2554 1129 2633 facile*
1148 2561 1349 2651 intellegitur
1381 2572 1468 2657 δίκην

133 2675 242 2765 δοῦναι,
274 2674 315 2738 ad
346 2676 494 2760 τιμωρίας
524 2673 602 2740 οὕτω
635 2675 775 2762 μεγάλας
815 2657 1042 2762 κατεστήσαντο
1079 2674 1247 2756 respicere.
1300 2663 1388 2749 ‘t',6.
1405 2687 1470 2746 πῶς

135 2780 171 2846 ἂν
202 2779 367 2855 δικαίως
357 2787 441 2866 οπὲρ·
462 2794 536 2847 τῶν
550 2793 608 2867 τῇ
616 2785 713 2847 πόλει
744 2787 955 2909 γεγενημένων
986 2794 1148 2869 σομρορων
1189 2766 1287 2862 εγὼ
1280 2787 1342 2846 nurui
1382 2784 1468 2869 δίκην

135 2891 264 2976 διδοίην;
302 2892 360 2966 12,
386 2889 428 2953 35
458 2887 596 2985 ἢδίκην
616 2887 804 2952 δώσουσιν
788 2913 829 2953 ων
854 2886 891 2952 ἂν
915 2886 1164 2987 ἐξαμάρτωσιν”
1147 2911 1167 2974 η
1191 2887 1388 2971 πράξαντες
1403 2887 1469 2954 ,ὧν

135 2994 269 3084 ἐφίενται
292 2979 486 3080 τίνραννοι.
496 2980 669 3060 ἔσονται.
672 2981 800 3072 XXV
830 2999 865 3060 11
900 3017 955 3083 ορε
942 2997 1054 3058 ίλεται
1082 2992 1184 3068 αυτοῖς
1214 3000 1285 3081 χάρ
1260 3018 1304 3078 ρ.ν
1337 3017 1409 3081 κομ
1412 3018 1469 3058 σα

135 3107 266 3168 σθαι.
293 3101 451 3188 μᾶλλον
434 3125 454 3190 η
479 3103 586 3167 δοῦναι
609 3104 699 3189 δίκην
721 3116 779 3167 των
796 3101 1031 3189 πεπραγμένων

184 3211 317 3275 Nec
341 3210 455 3292 magis
468 3229 511 3274 ea
531 3229 615 3290 quae
639 3218 780 3308 sequent
782 3230 821 3275 ur
851 3213 997 3273 nectebas
1030 3207 1111 3294 αὖτ’(μ
1142 3209 1239 3295 μηδὲν.
1257 3207 1467 3328 ημαρτησθαι,

136 3261 205 3383 ἀλλ’
232 3317 431 3400 ἀγωνιεῖσθαι
457 3315 491 3381 εί)
517 3322 595 3404 μετὰ
618 3329 682 3382 τοῦ
675 3320 814 3382 δικαίοο
842 3317 884 3380 ad
914 3335 1044 3381 causam
1077 3317 1231 3398 aPulyst
1235 3326 1304 3380 rato
1335 3316 1403 3396 ipsu
1436 3315 1469 3380 in

115 3424 255 3490 'iudicio
286 3425 407 3490 dictam
437 3424 610 3489 referenda
640 3405 735 3489 sunt:
769 3443 852 3506 quae
885 3424 968 3516 satis
1002 3430 1111 3488 caute
1119 3408 1256 3503 prolata
1286 3423 1317 3486 id
1344 3428 1467 3487 tantum

127 3535 277 3615 ‘probant
300 3533 523 3614 Polystratum
550 3531 707 3597 nttlliu's
699 3529 841 3595 rniuriae
865 3530 929 3595 sibi
954 3520 1128 3595 conscium
1140 3538 1174 3595 et
1198 3549 1296 3594 causa
1319 3549 1378 3594 sua
1409 3528 1468 3593 fre

130 3644 204 3704 ’turn
230 3639 363 3716 redisse,
389 3658 461 3704 cum
486 3638 544 3703 alii
570 3657 714 3720 peregre
710 3639 858 3719 profect
851 3658 859 3702 r
878 3646 990 3702 essent
1013 3637 1089 3720 (ἐκε
1081 3661 1136 3703 ιινο
1159 3638 1192 3701 δὲ
1178 3642 1471 3723 ὲπροκαταγνόνιες

137 3759 220 3835 σφων
244 3745 353 3812 αὐτῶν
368 3744 483 3810 ἀδικεῖν
508 3745 657 3831 οἴχονται,
682 3743 734 3808 ἵνα
759 3749 801 3832 μή
826 3746 907 3810 δοῖεν
932 3747 1019 3832 δίκην
1036 3748 1108 3827 21),
1134 3764 1236 3826 tueque
1267 3745 1470 3824 refelluntur,

138 3856 164 3919 si
192 3861 264 3935 post
288 3852 427 3918 reditum
452 3853 508 3918 ille
532 3853 564 3918 in
592 3854 711 3918 iudicio
735 3857 854 3918 absens
879 3872 979 3945 causa
1002 3853 1128 3926 cecidit.

154 4006 163 4021 .
247 3961 363 4040 Neque
381 3961 454 4025 siue
468 3954 572 4025 causa·
583 3957 700 4047 ἔρημον
714 3959 804 4024 illum
821 3978 893 4023 esse
904 3961 1090 4024 dannatum
1109 3965 1198 4025 actor
1215 3958 1338 4042 arguit:
1366 3959 1470 4025 miuus

130 4069 223 4133 ‘euim
244 4069 447 4150 gravabatur
467 4067 676 4132 damnatione
696 4067 729 4131 in
750 4086 846 4147 quam
868 4067 1001 4147 prepter
1019 4068 1198 4131 absentiam
1219 4067 1370 4131 incidisse
1386 4056 1469 4149 yide-

138 4178 246 4252 batur,
272 4195 367 4254 quam
392 4176 420 4239 si
445 4192 601 4257 praesens
618 4174 880 4244 adversariorum
907 4173 1045 4238 crimina
1069 4174 1192 4238 diluere
1216 4193 1278 4237 nou
1303 4155 1469 4254 potuisset.

233 4391 321 4454 lam
356 4389 397 4453 ad
426 4389 564 4454 alteram
596 4388 829 4470 disputationis
862 4397 994 4453 nostrae
1024 4396 1147 4469 partem
1178 4388 1372 4465 accedimus
1409 4406 1473 4468 quta

134 4502 178 4562 ut
201 4506 273 4561 erat
297 4495 497 4577 propositum
523 4497 703 4577 quaeritur,
730 4515 868 4577 quonam
893 4496 985 4561 modo
1010 4496 1096 4561 iuter
1119 4515 1153 4559 se
1177 4497 1370 4560 cohaereant
1387 4496 1474 4577 prior

141 4606 199 4670 illa
223 4623 322 4669 carisa
346 4612 443 4685 atque
467 4606 547 4669 baec
573 4605 606 4670 in
632 4625 696 4686 qua
719 4605 907 4670 del'enditur
932 4604 1148 4688 Polystratus

1270 4727 1317 4780 12*
