3324 5078
546 301 631 356 Curae
650 300 757 356 criticae
776 299 801 352 in
820 299 971 371 Aristotelis
990 297 1109 354 Politica
1432 301 1495 367 109

163 501 255 584 Quae
291 497 337 562 sit
372 497 466 586 ἀρετὴ
501 503 737 585 κεχορηγημένη
773 495 800 561 si
834 514 987 575 quaeres
1020 494 1101 558 nihil
1135 494 1248 560 auxilii
1277 514 1317 559 ex
1347 496 1405 560 hoe
1428 495 1497 577 ipso

161 606 244 682 libro
270 604 331 668 tibi
357 607 641 687 suppeditandum
673 610 707 668 at
732 603 840 666 onmia
863 610 979 682 aperta
1003 601 1098 678 fient,
1132 599 1161 664 si
1191 600 1368 665 contuleris
1392 601 1494 667 locum

161 710 238 774 libri
270 710 401 791 septimi
433 731 461 792 p.
490 712 586 775 tata*
613 717 626 773 i
663 714 728 792 βίος
761 714 814 794 μὲν
848 708 970 790 ἄριστος
986 757 1097 772 .....
1124 719 1190 780 ταῖς
1223 711 1345 772 πόλεσιν
1379 705 1395 771 ὁ
1431 710 1494 795 μετ’

162 815 273 905 ἀρετης
295 823 548 903 κεχορηγημένης
572 814 621 880 ἐπὶ
645 827 785 880 τοσοῦτον
809 815 885 879 ὥστε
910 821 1048 900 μετέχειν
1065 825 1122 877 τῶν
1139 811 1205 878 κατ’
1222 812 1332 899 ἀρετὴν
1348 813 1493 896 πράξεων.

162 923 234 988 Hoc
257 923 344 988 enim
370 925 438 988 loco
463 922 663 1008 Aristoteles
695 922 899 986 demonstrat
935 921 1040 997 civeS,
1078 921 1132 999 qui
1170 921 1200 983 in
1233 922 1329 984 rebus
1358 919 1495 1000 publicis

161 1029 315 1110 gerendis
341 1034 524 1111 versentur,
549 1047 612 1107 quo
637 1028 741 1106 magis
769 1027 874 1092 virtus
898 1045 1008 1090 eorum
1034 1025 1182 1089 externis
1206 1028 1303 1091 rebus
1333 1025 1496 1090 instructa

159 1132 260 1215 ‘atque
283 1134 398 1199 adiuta
422 1133 488 1211 sit,
517 1153 554 1198 eo
589 1132 721 1199 facilius
755 1133 859 1198 officia
890 1150 950 1196 sna
974 1139 1145 1212 praestare
1168 1141 1202 1196 et
1224 1132 1495 1213 praestantiorem

162 1241 392 1323 rempublicam
418 1239 546 1306 efficere
571 1258 676 1320 posse.
724 1240 800 1305 Non
833 1239 936 1321 igitur
969 1237 1137 1315 sulficere,
1171 1246 1207 1301 ut
1231 1238 1265 1302 iu
1288 1237 1496 1304 aristocratia

162 1353 195 1411 et
218 1345 417 1424 monarchia,
443 1364 523 1425 quas
547 1344 687 1427 optimas
704 1344 903 1426 reipublicae
924 1345 1044 1408 solutas
1061 1363 1134 1410 esse
1152 1345 1359 1426 philosophus
1383 1353 1417 1409 et
1433 1344 1495 1409 sibi

161 1461 193 1517 et
218 1451 312 1517 nobis
336 1451 512 1533 persuasit,
537 1451 705 1532 praesides
729 1451 878 1517 civitatis
914 1452 1037 1516 iustum
1075 1461 1109 1517 et
1141 1463 1262 1516 rectum
1296 1459 1403 1517 mente
1425 1469 1495 1516 con-

161 1559 294 1640 cipiant,
320 1559 376 1624 sed
400 1558 481 1624 illud
505 1577 631 1638 quoque
653 1559 809 1623 accedere
832 1565 994 1638 oportere,
1018 1566 1057 1622 ut
1081 1558 1122 1623 ad
1146 1561 1238 1621 recta
1260 1562 1295 1622 et
1317 1555 1406 1622 iusta
1421 1574 1496 1621 con-

160 1664 237 1730 silia
259 1666 466 1746 exsequenda
498 1665 614 1746 opibus
643 1673 742 1745 atque
774 1664 986 1730 adiumentis>
1006 1663 1202 1755 necessariis
1233 1663 1388 1729 instructi
1418 1663 1494 1728 sint.

161 1772 229 1837 Iam
256 1773 367 1850 habea,
391 1789 487 1852 qoam
519 1770 693 1854 intellegas
725 1770 838 1858 ἀρεπίγν
870 1770 1127 1859 κεχορηγημένην
1161 1779 1196 1835 et
1230 1754 1308 1850 ataid
1343 1769 1496 1851 respiciat

161 1878 304 1958 scriptor
327 1877 361 1942 io
386 1863 442 1942 illo
467 1877 551 1942 unde
574 1880 682 1946 exorsi
707 1897 820 1944 sumus
843 1879 912 1943 loco
935 1877 1014 1942 libri
1038 1877 1158 1958 quarti.
1261 1931 1264 1936 .
1360 1950 1364 1957 ,

272 1993 389 2073 Neque
412 1991 575 2057 refellitur
598 1995 677 2059 baec
700 2000 815 2060 nostra
838 1993 924 2059 ratio
948 2012 996 2070 eo,
1021 1994 1107 2075 quod
1130 1993 1195 2058 iam
1219 1992 1252 2059 in
1276 1993 1379 2076 primo
1400 1993 1492 2071 libro,

161 2099 216 2181 qui
246 2099 361 2180 utique
392 2105 470 2164 ante
501 2097 602 2164 libros
627 2100 697 2168 Vll
727 2108 760 2164 ct
789 2101 877 2168 VIII
911 2100 1090 2166 collocatur
1124 2107 1159 2165 et
1192 2099 1398 2165 collocandus
1434 2107 1494 2176 est,

159 2225 190 2287 p.
210 2207 309 2271 1255·
328 2207 368 2271 13
393 2204 487 2292 ἀρετὴ
511 2210 704 2291 τυγχάνουσα
727 2213 879 2293 χορηγίας
902 2214 1181 2272 commemoratur.
1215 2207 1347 2273 Etenim
1363 2224 1496 2288 prorsus

160 2312 232 2391 alia
251 2312 291 2378 de
314 2331 351 2378 re
374 2312 440 2378 isto
463 2313 683 2397 locoagitur,
706 2312 792 2394 quod
816 2322 853 2378 ut
875 2323 1052 2394 appareat,
1078 2319 1182 2378 totum
1207 2314 1311 2379 locum
1334 2313 1497 2394 adponere

146 2419 282 2500 placet:
307 2419 401 2485 αἴτιον
424 2420 460 2483 δέ
482 2422 594 2506 ταίιτης
616 2431 671 2508 της
694 2417 962 2507 ἀμφισβητήσεως,
986 2425 1041 2484 καὶ
1065 2420 1177 2485 ὃποιεί
1192 2422 1262 2493 τοὺς
1276 2423 1386 2502 λόγους
1400 2418 1496 2486 ἐπαλ-

161 2528 292 2605 λάττειν,
316 2525 362 2591 ὅτι
385 2532 494 2612 τρόπον
517 2530 584 2592 τινὰ
607 2524 702 2613 ἀρετὴ
725 2532 920 2613 τυγχάνουσα
949 2533 1110 2616 χορηγίαςΙ
1128 2531 1183 2592 καὶ
1213 2530 1378 2610 βιάζεσθαι
1405 2529 1497 2594 δυνα-

155 2658 211 2699 Ιται
228 2637 379 2721 μάλιστα,
402 2640 456 2699 καὶ
479 2635 558 2700 ἔστιν
589 2632 639 2699 ἀεί
669 2639 702 2700 τὸ
731 2644 862 2719 κρατοῦν
893 2632 925 2700 έν
960 2631 1099 2719 ὑπεροχῇ
1135 2632 1257 2714 ἀγαθοῦ
1292 2640 1385 2712 τινός,
1420 2632 1496 2698 ὥστε

161 2742 262 2807 δοκεῖν
285 2745 327 2827 μὴ
351 2741 425 2808 ἄνευ
448 2739 560 2829 ἀρετῆς
582 2739 659 2807 εἶναι
682 2745 737 2828 τὴν
761 2745 840 2826 βίαν,
871 2739 954 2806 ἀλλὰ
984 2744 1054 2823 περί
1086 2751 1139 2806 τοῦ
1162 2741 1282 2805 δικαίου
1307 2747 1397 2828 μόνον
1420 2739 1497 2807 εἶναι

146 2851 214 2934 -την
238 2846 476 2936 ἀμφισβήτησιν.
528 2847 691 2912 Nimirum
727 2848 929 2927 Aristoteles
963 2865 1036 2912 cum
1073 2848 1295 2928 quaestionem
1330 2847 1494 2926 instituat,

162 2973 238 3019 unm
262 2956 384 3020 iustum
408 2954 454 3019 sit
477 2955 623 3019 homines
648 2965 769 3020 natura
792 2953 989 3020 infirmiores
1012 2953 1152 3030 abeis,
1183 2955 1239 3033 qui
1270 2953 1396 3020 viribus
1417 2955 1495 3018 nali·

163 3061 271 3125 diores
294 3062 379 3139 sint,
411 3062 572 3126 servitute
590 3079 774 3143 ¹oppressos
804 3063 926 3138 teneri,
960 3062 1020 3125 hoc
1048 3060 1165 3126 merito
1189 3059 1259 3125 fieri
1284 3061 1494 3138 demonstrat,

162 3168 247 3248 quod
271 3168 416 3233 homiues
441 3177 477 3233 ut
500 3168 582 3232 alios
606 3186 685 3233 suae
708 3168 921 3233 dominationi
939 3166 1114 3245 subiciant,
1136 3185 1199 3232 non
1224 3167 1327 3232 solum
1351 3167 1495 3248 corporis

163 3274 288 3340 viribus
317 3293 486 3355 rerumque
510 3274 625 3354 opibus
649 3276 841 3356 praevalere
871 3276 928 3341 sed
959 3275 1059 3340 etiam
1085 3274 1209 3341 virtute
1238 3274 1392 3340 instructi
1424 3266 1496 3340 ease

161 3382 309 3446 debeant.
356 3381 514 3460 Accedit,
547 3381 632 3460 quod
663 3382 727 3447 isto
759 3384 829 3469 loco
861 3383 957 3463 primi
989 3382 1067 3446 libri
1091 3381 1208 3446 similis
1232 3381 1368 3456 locutio,
1401 3380 1494 3467 ἀρειη

161 3495 311 3575 χορηγίας
333 3492 537 3574 τυγχάνουσα,
563 3488 645 3553 libro
669 3488 807 3570 septimo
831 3507 965 3570 prorsus
988 3488 1112 3564 eudem,
1138 3486 1232 3573 ἀρετ-η
1248 3492 1493 3574 κεχορηγημένη,

162 3596 311 3660 recurrit.
359 3596 484 3660 Nostro
509 3596 612 3678 igitur
636 3595 708 3661 inre
731 3597 888 3661 statuisse
914 3595 1008 3660 nobis
1032 3594 1246 3661 videaturad
1270 3595 1493 3675 explicandam

162 3703 227 3766 vim
252 3700 364 3789 ἀρετης
386 3708 642 3790 κεχορηγημένης
666 3704 697 3767 in
723 3703 780 3768 illo
811 3703 888 3768 libri
917 3702 1027 3782 quarti
1058 3702 1126 3768 loco
1158 3706 1424 3767 commemoratae
1455 3719 1496 3765 ex

163 3826 224 3874 uno
249 3809 387 3889 septimo
411 3808 494 3872 libro
518 3810 601 3874 satis
626 3809 708 3874 lucis
732 3807 852 3874 afferri.
1042 3799 1044 3804 ’

273 3925 344 3989 lam
368 3923 398 3987 si
422 3924 456 3987 in
481 3924 560 3988 locis
583 3933 708 3990 natura
727 3944 766 3990 ac
789 3944 825 3988 re
849 3924 1039 4006 propinquis
1064 3924 1304 4007 investigandis
1320 3923 1493 4006 pergimus,

163 4031 220 4095 alii
244 4031 304 4095 loci
331 4030 408 4094 libri
433 4031 542 4110 quarti
567 4031 660 4095 nobis
684 4050 719 4096 se
744 4030 894 4110 offerunt,
920 4032 1038 4111 quibus
1056 4031 1254 4096 Aristoteles
1278 4031 1317 4094 ad
1342 4050 1390 4108 ca,
1414 4048 1495 4109 quae

162 4136 195 4200 in
218 4137 302 4202 libro
326 4137 465 4217 septimo
489 4138 528 4201 de
552 4128 714 4218 apparatu
737 4157 849 4202 aarum
876 4158 994 4219 rerum,
1019 4157 1100 4218 quas
1117 4138 1309 4202 civitatibus
1326 4145 1496 4217 suppetere

162 4252 327 4324 oporteat,
353 4245 551 4324 disputavit,
577 4247 740 4324 respicere
766 4245 905 4310 ridetur.
954 4245 1123 4312 Siciliam
1149 4245 1334 4326 choregiam
1359 4243 1495 4308 maxime

162 4350 202 4413 ad
238 4350 468 4430 rempublicam
506 4353 583 4415 bene
621 4351 882 4415 constituendam
919 4353 1136 4418 necessariam
1178 4370 1250 4416 esse
1290 4352 1440 4431 exposuit
1474 4350 1494 4416 l.

165 4458 230 4523 Vll
258 4477 287 4538 p.
316 4459 413 4521 132&
437 4460 477 4522 37
511 4457 546 4521 οὐ
577 4462 636 4543 γὰρ
665 4455 728 4522 οἷόν
757 4481 788 4520 τε
821 4462 973 4523 πολιτείαν
1003 4463 1150 4540 γενέσθαι
1181 4463 1234 4545 τὴν
1266 4457 1390 4541 ἀρίστην
1424 4457 1495 4529 ἄνευ

163 4569 333 4653 συμμέτρου
349 4572 509 4656 χορηγίας,
534 4585 562 4646 p.
581 4570 676 4630 ttae*
692 4569 713 4629 4
737 4578 778 4650 τῷ
795 4571 937 4651 πολιτικῷ
952 4572 1006 4631 καί
1022 4578 1063 4651 τῷ
1080 4571 1233 4659 νυμοέὲτη
1249 4566 1294 4629 δεῖ
1310 4569 1363 4652 τὴν
1379 4564 1494 4630 οἰκείαν
