3324 5078
545 328 631 384 Curae
653 329 762 382 criticae
781 327 809 381 in
830 328 978 383 Aristotelis
997 329 1117 383 Politice.
1437 330 1497 395 105

159 531 197 590 τά
221 527 339 612 ἔνδημα
364 532 417 590 καὶ
441 532 479 590 τά
503 524 651 609 ὑπερόρια
675 526 849 591 coniuncta
873 530 911 589 τά
934 530 1015 590 κατὰ
1039 528 1126 590 πόλιν
1148 525 1272 589 efficere
1288 524 1495 604 significavit.

159 632 263 698 Aliam
289 632 375 696 viam
402 632 587 698 Guilelmus
612 631 740 710 Christ,
775 639 966 712 praeceptor
995 651 1086 696 meus
1117 631 1381 707 humanissimus,
1412 629 1497 709 iniit,

159 737 213 818 qui
238 757 309 803 cum
335 737 428 802 nobis
453 726 618 802 tironibus
647 738 680 803 in
713 739 890 803 seminario
928 741 1012 802 hunc
1048 740 1150 802 locum
1187 740 1390 803 tractandum
1429 756 1496 816 pro-

160 851 303 926 poneret,
329 847 431 909 veroa
448 850 486 908 τὰ
510 849 592 908 κατά
609 845 697 909 πόλιν
715 853 753 910 ut
769 845 1098 925 interpretamentum
1117 846 1288 909 verborum
1306 842 1351 908 ‘ra
1368 845 1496 930 ἔνδημα

160 971 200 1016 ex
225 937 374 1016 oratione
398 951 583 1032 philosophi
607 950 756 1016 eiciendo
780 970 851 1016 esse
876 950 1013 1016 censuit.

193 1131 195 1136 ,
272 1059 387 1139 Neque
422 1063 532 1123 tamen
569 1059 666 1137 plane
702 1059 782 1123 haec
818 1057 896 1122 mihi
934 1063 1168 1138 persuaserunt
1205 1056 1270 1121 viri
1307 1055 1496 1120 doctissimi.

159 1163 301 1229 Primum
327 1164 411 1229 enim
438 1183 501 1228 non
527 1164 694 1247 intellego,
720 1164 798 1245 quid
815 1163 945 1228 omuino
970 1163 1137 1244 impulerit
1162 1162 1341 1234 librarium,
1368 1167 1405 1227 ut
1427 1182 1495 1228 ver-

161 1272 237 1336 bum
262 1272 380 1357 ἔνδημα
406 1271 477 1348 alio>
495 1272 596 1337 verbo
622 1271 908 1353 interpretaretur.
950 1271 1040 1335 Nam·
1061 1274 1098 1333 τὰ
1122 1270 1239 1356 ἔνδημα
1263 1268 1411 1349 opposita
1434 1281 1498 1342 τοῖς

159 1374 330 1462 ὑπερορίοις
355 1377 449 1457 plane
481 1383 599 1458 aperta
635 1384 729 1455 sunt,
755 1383 869 1457 atque,
897 1383 1057 1457 utsupra
1084 1376 1240 1453 vidimuS,
1274 1376 1347 1441 aliis
1371 1395 1497 1456 quoque

159 1483 239 1548 locis
264 1485 343 1548 haec
366 1485 429 1549 duo
453 1483 542 1548 inter
566 1502 601 1548 se
625 1483 800 1548 coniuncta
824 1482 1047 1548 inveniuntur.
1080 1482 1163 1547 Dein
1187 1483 1333 1562 siquam
1359 1481 1497 1546 maxime

160 1590 280 1671 aliquis
297 1594 432 1657 verbum
449 1591 570 1678 ἔνδημα
586 1589 864 1670 interpretatione
881 1607 978 1669 egere
995 1589 1171 1669 putaverit,
1190 1589 1293 1670 magis
1309 1587 1341 1652 in
1360 1587 1496 1668 proclivi

159 1703 232 1763 erat
254 1704 293 1764 τὰ
316 1703 397 1764 κατὰ
420 1701 518 1786 δῆμον
543 1717 639 1778 quam
663 1703 701 1762 τά
724 1702 807 1762 κατὰ
830 1699 917 1762 πόλιν
942 1695 1181 1776 interpretandi
1206 1714 1303 1760 causa
1324 1695 1451 1759 addere.

270 1807 385 1886 Itaque
409 1805 437 1870 si
463 1809 652 1886 corruptum
677 1823 749 1870 esse
775 1804 951 1870 iudicarem
976 1804 1061 1868 hunc
1077 1803 1192 1876 iocum·
1215 1801 1247 1868 S.
1266 1801 1388 1871 Hilarii
1405 1800 1496 1880 sequi

161 1911 287 1976 mallem
312 1912 521 1990 sententiam,
545 1911 609 1976 etsi
633 1911 855 1976 desiderarem
880 1897 1037 1992 exempla,
1064 1909 1181 1991 quibus
1206 1907 1419 1973 Aristotelem
1445 1926 1495 1972 res

160 2036 243 2098 quae
268 2017 308 2082 ad
334 2016 564 2100 rempublicam
590 2017 759 2098 pertinent
778 2022 844 2100 4(τά
866 2016 966 2104 κοινά)
999 2018 1100 2083 verbo
1123 2027 1181 2080 τῶν
1204 2019 1285 2080 κατὰ
1307 2017 1392 2080 πόλιν
1416 2033 1495 2078 oom-

159 2123 369 2205 prehendisse
393 2126 600 2206 probaretur.
665 2144 690 2190 ῃ
1082 2208 1084 2212 Ι

266 2231 320 2296 vAt
344 2230 589 2296 nuilaomnino
614 2232 841 2296 emendatione
865 2249 961 2312 egere
984 2229 1092 2296 iudico
1116 2232 1201 2296 hunc
1216 2229 1328 2294 locum.
1363 2227 1496 2294 Secerni

159 2336 246 2402 enim
269 2343 406 2419 apparet
430 2356 492 2414 res,
520 2357 604 2418 quae
628 2337 670 2402 ad
694 2340 809 2403 urbem
834 2338 886 2403 vel
910 2343 1007 2418 caput
1032 2337 1179 2404 civitatis
1203 2337 1306 2401 solum
1330 2335 1496 2416 pertinent

159 2449 209 2525 (τά
231 2449 313 2508 κατὰ
336 2447 446 2527 πόλιν),
462 2446 503 2509 ab
528 2444 587 2523 eis,
613 2463 696 2524 quae
721 2452 825 2509 totum
851 2445 1004 2526 populum
1022 2445 1072 2510 vel
1091 2451 1194 2509 totam
1211 2453 1330 2508 terram
1348 2449 1497 2523 spectant

159 2555 210 2631 (τὰ
233 2550 374 2637 ἔνδημα),
400 2551 519 2630 quibus
544 2550 644 2616 tertio
669 2551 738 2644 loco
763 2569 816 2615 res
840 2556 997 2631 externae
1012 2555 1063 2632 (τά
1079 2548 1236 2636 ὑπερόρια)
1254 2551 1301 2614 ita
1317 2548 1494 2631 adiungun-

161 2662 225 2755 tun
251 2663 331 2722 uta
355 2656 480 2723 minore
505 2659 545 2723 ad
571 2657 678 2724 maius
693 2656 933 2740 'progrediatur
956 2657 1176 2739 philosophus.
1462 2648 1465 2654 ’

270 2868 365 2935 Polit.
391 2870 440 2935 ΙΙΙ
467 2872 506 2935 11
531 2890 562 2952 p.
584 2819 683 2936 1287*
706 2872 749 2936 32
766 2889 835 2952 sqq.
914 2951 916 2957 ¹
972 2939 974 2942 .

272 2991 316 3057 Τὸ
341 2995 375 3056 δὲ
399 3005 457 3057 τῶν
482 3006 598 3080 τεχνῶν
624 2993 702 3058 εἶναι
726 2996 811 3060 δοκεῖ
833 2996 1031 3082 παράδειγμα
1045 2989 1173 3082 ψεῦδος,
1189 2993 1233 3058 ὅτι
1250 2999 1282 3058 τὸ
1298 2996 1377 3057 κατὰ
1398 2996 1495 3078 γράμ-

159 3123 241 3185 ματα
265 3099 464 3184 ὶατρεδεσθαι
488 3104 617 3188 φαῦλον,
650 3099 735 3165 ἀλλὰ
765 3107 819 3166 καὶ
843 3100 1041 3186 αἱρετώτερον
1065 3105 1204 3188 χρῆσθαι
1228 3111 1290 3168 τοῖς
1313 3100 1417 3184 ’έχουσι
1440 3103 1495 3167 τάς

159 3212 280 3292 τέχνας.
327 3205 355 3270 οἱ
379 3212 433 3293 μὲν
457 3213 516 3292 γάρ
540 3205 629 3272 οὐδὲν
660 3210 711 3272 διὰ
744 3212 884 3295 ριλίαν
920 3213 1006 3292 παρὰ
1038 3213 1087 3272 τὸν
1123 3211 1212 3286 λόγον
1257 3217 1389 3270 ποιοῦσιν
1423 3205 1493 3268 ἀλλ’

160 3312 302 3396 ἄρνυνται
326 3319 377 3378 τὸν
401 3318 513 3400 μισθὸν
537 3319 608 3386 τοὺς
631 3320 807 3401 κάμνοντας
830 3312 1026 3396 ὑγιάσαντες·
1062 3313 1090 3379 οἱ
1125 3315 1152 3378 δ’
1180 3314 1211 3378 ἐν
1235 3325 1302 3382 ταῖς
1325 3315 1495 3381 πολιτικαῖς

159 3417 273 3504 ἀρχαῖς
296 3421 398 3483 πολλὰ
421 3425 499 3504 πρὸς
523 3420 720 3509 ὲτηρειαν
755 3426 821 3486 καὶ
855 3427 977 3507 χάριν
1006 3420 1136 3486 εἰώθασι
1160 3426 1308 3504 πράττειν,
1342 3418 1407 3483 ἐπεὶ
1441 3423 1495 3482 καὶ

159 3528 229 3595 τοὺς
252 3524 374 3609 ἰατροὺς
397 3525 469 3590 ὅταν
494 3525 685 3594 δτιοπτείιωτι
708 3533 930 3600 πιστευθέντας
959 3541 1022 3599 τοῖς
1057 3528 1185 3621 ἐχθραῖς
1219 3524 1408 3614 διαφθείρειν
1442 3526 1494 3588 διά

158 3629 275 3715 κέρδος,
300 3638 366 3696 τότε
391 3638 446 3720 την
470 3633 506 3699 ἐκ
529 3648 588 3699 τῶν
612 3642 802 3723 γραμμάτων
825 3635 998 3720 θεραπείαν
1023 3639 1185 3723 ζητήσαιεν
1210 3632 1247 3696 ἂν
1270 3635 1396 3719 μᾶλλον.

271 3739 471 3804 Aristoteles
495 3759 566 3806 oum
592 3743 652 3807 hoc
677 3743 746 3806 loco
771 3741 994 3822 quaestionem
1019 3741 1193 3806 aPlatone
1218 3739 1250 3803 iu
1268 3737 1403 3802 Politico
1427 3737 1491 3802 dia·

159 3845 232 3926 logo
257 3846 327 3910 tuse
351 3845 573 3911 examinatam
599 3849 779 3929 respiciens
803 3854 1077 3928 quaerat'utrum
1104 3847 1218 3912 meiius
1242 3847 1286 3911 sit
1310 3848 1348 3909 ab
1373 3843 1492 3924 optimo

160 3951 286 4015 homine
318 3951 386 4034 regi
416 3971 456 4016 an
489 3956 530 4017 ab
560 3954 795 4036 optima'iege,
831 3959 888 4020 noc
912 3954 1135 4036 praestantius
1160 3973 1231 4019 esse
1256 3953 1365 4018 sentit.
1414 3951 1493 4017 Oon-

160 4059 295 4123 trariam
322 4060 519 4125 senteutiam
543 4061 615 4143 alii
648 4082 686 4126 eo
711 4062 895 4126 defendisse
927 4061 1095 4136 videntur,
1111 4062 1211 4140 ’quod
1238 4061 1396 4136 tornines,
1422 4078 1491 4123 oum

159 4171 379 4244 aegrotarent,
405 4169 445 4240 ad
472 4167 613 4232 medicos
639 4168 726 4248 ipsos
754 4168 861 4248 potius
885 4187 981 4247 quam
1005 4169 1047 4232 ad
1071 4168 1201 4232 litteras
1225 4169 1265 4232 de
1281 4178 1352 4231 arte
1370 4165 1493 4230 medica

159 4272 299 4351 scriptas
324 4273 554 4355 confugerent3
583 4294 664 4355 quos
690 4284 726 4339 ut
752 4276 874 4340 refutet
899 4275 1113 4350 Aristoteles
1143 4291 1291 4354 magnum
1320 4272 1490 4336 discrimen

159 4376 361 4443 intercedere
386 4389 495 4444 monet
519 4380 608 4446 inter
633 4383 773 4446 medicos
808 4390 842 4446 et
877 4401 932 4447 eos
963 4382 1018 4462 qui
1050 4381 1245 4462 reipublicae
1274 4379 1493 4461 gubernacula

160 4492 307 4560 teneant;
334 4486 408 4550 illos
422 4485 504 4550 nihil
522 4496 639 4553 contra
654 4489 812 4553 rationem
826 4488 933 4553 facere
950 4495 1083 4569 propter
1096 4487 1272 4552 amicitiam
1285 4489 1348 4569 (διὰ
1364 4485 1491 4573 φιλίαν),

160 4591 215 4655 iios
240 4592 342 4657 multa
361 4593 546 4659 ,calumniae
571 4603 606 4660 et
628 4596 757 4677 gratiae
781 4613 880 4662 causa
905 4599 994 4684 (πρὸς
1017 4593 1163 4682 ἐπήρειαν
1185 4600 1238 4660 καὶ
1254 4599 1358 4679 χάριν)
1382 4612 1489 4675 agere.
