3324 5078
553 336 638 390 Curae
657 335 765 388 criticae
784 333 812 386 in
831 332 982 387 Aristotelis
1001 333 1118 388 Politice,
1428 334 1488 398 107

159 533 234 596 Huc
258 530 400 609 accedit,
437 533 520 612 quod
545 548 718 611 pronomen
753 526 845 594 cirron
877 528 1037 610 singulari
1070 547 1201 592 rrrrmero
1229 527 1368 608 positum
1397 529 1511 594 valde.

158 635 302 708 offendit,
318 638 469 718 undequi
488 643 589 701 totam
609 635 806 700 seutentiam
824 655 885 699 rron
906 634 1176 710 sollicitaverunt,
1191 635 1305 699 saltem
1321 636 1379 698 troc
1398 632 1490 698 αι’·ντοῠ

161 743 192 806 in
217 739 322 814 αότοῐς
345 748 567 809 correxerunt.
616 742 723 806 Multo
748 748 856 806 autern
883 741 950 806 veri
984 740 1124 827 similius
1149 740 1280 806 videtur
1311 740 1367 804 illa
1392 742 1492 803 verba

158 852 227 919 τοὺς
242 854 301 934 γάρ
319 889 360 899 -
377 855 552 934 συνάρχους
576 848 712 929 primum
740 853 903 928 tamquam
927 847 1137 911 summarium
1160 848 1201 911 ab
1219 847 1346 910 homine
1363 845 1490 910 curioso

160 955 193 1020 iu
216 956 367 1037 margine
390 955 528 1029 adiecta,
554 955 670 1019 deiude
695 974 714 1019 a
738 955 873 1019 librario
898 955 931 1019 in
956 953 1134 1018 orationem
1161 952 1242 1017 falso
1260 959 1389 1033 recepta
1405 972 1490 1033 esse3
1517 1034 1519 1038 Ι

160 1081 254 1141 quam
279 1063 319 1126 ob
344 1081 411 1127 rem
435 1077 550 1126 rursus
574 1080 613 1126 ea
637 1059 837 1126 eliminanda
860 1079 931 1126 esse
956 1079 1079 1125 censeo.

1108 1206 1217 1271 Herm.
1249 1205 1446 1271 Widemaorr.
1512 1283 1513 1286 χ
1620 1257 1622 1259 .

273 1610 378 1680 Arist.
407 1612 475 1679 Pol.
504 1613 524 1677 l.
551 1613 583 1678 V
610 1632 635 1676 c.
666 1614 686 1677 3
722 1618 773 1678 ter
797 1612 955 1679 vocabula
983 1611 1085 1698 ἀρχάς
1113 1618 1166 1676 καὶ
1189 1611 1290 1682 αἰτίας
1320 1612 1493 1678 coniuncta

159 1719 310 1784 exhibet:
279 1724 364 1800 tn
385 1721 483 1785 1302·
508 1722 547 1786 18
582 1719 648 1785 ἐπεὶ
671 1720 706 1782 δὲ
730 1729 901 1805 σκοποῦμεν
933 1718 970 1783 ἐκ
992 1724 1078 1783 τινων
1104 1718 1191 1783 αἵτε
1216 1723 1338 1790 στάσεις
1360 1725 1492 1800 γίνονται

158 1832 211 1890 καὶ
235 1823 269 1890 αἱ
293 1827 466 1911 μεταβολαὶ
486 1834 555 1912 περὶ
577 1831 633 1910 τὰς
656 1824 822 1920 πολιτείας,
847 1827 978 1913 ληπτέον
1001 1827 1142 1891 καθόλου
1166 1837 1282 1910 πρῶτον
1313 1829 1368 1895 τὰς
1390 1823 1493 1910 οἰρχάς

157 1938 213 1997 καὶ
236 1936 292 2006 τὰς
316 1930 416 2004 αἰτίας
439 1931 552 2012 αὐτῶν,
582 1953 601 2014 p
633 1933 730 1998 1302·
753 1916 802 1997 35
825 1929 908 1996 αἱδ’
931 1931 1024 1998 αἰτίαι
1053 1938 1107 1998 καὶ
1134 1930 1231 2018 ἀρχαὶ
1253 1943 1310 1996 τῶν
1333 1937 1490 2018 κινήσεων,

158 2037 233 2104 ὅθεν
258 2037 344 2144 αότοι
367 2063 398 2102 τε
423 2040 610 2105 διατίθενται
640 2044 690 2105 τον
715 2037 872 2126 εἰρημένον
903 2045 1014 2140 τρόπον
1042 2045 1095 2104 καὶ
1126 2045 1195 2125 περὶ
1222 2051 1279 2105 τῶν
1307 2036 1491 2125 λεχθέντων,

159 2145 236 2209 ἔστι
257 2143 361 2230 μὲν
345 2170 388 2219 υς
412 2150 470 2211 τόν
506 2146 639 2232 ἀριθμόν
675 2145 752 2212 ἑπτά
783 2151 981 2233 τυγχάνουσιν
1012 2143 1115 2224 οὖσαι,
1147 2146 1210 2210 ἔστι
1240 2143 1306 2208 δ’ζ
1290 2168 1332 2216 ως
1360 2149 1491 2222 πλείους,

159 2270 188 2332 p.
210 2253 345 2317 1304⁶6
368 2255 572 2318 καδόλουὲ
535 2277 552 2338 μ
575 2278 590 2317 ν
614 2251 667 2318 οὖν
690 2259 760 2338 περὶ
782 2258 885 2328 πάσας
907 2258 962 2328 τὰς
985 2255 1140 2327 πολιτείας
1162 2250 1232 2318 αἱ
1218 2257 1315 2339 αρχαι
1330 2250 1429 2316 καὶ
1399 2258 1492 2317 αιτίαι

158 2369 216 2422 τῶν
240 2363 378 2424 στάσεων
400 2364 534 2424 καὶτῶν
558 2362 738 2444 μεταβολῶν
761 2372 863 2426 τοῦτον
887 2361 992 2447 ἔχουσι
1015 2366 1065 2427 τὸν
1087 2367 1205 2444 τρόπον.

270 2465 311 2530 In
336 2465 461 2558 duobus
485 2465 649 2546 prioribus
673 2466 753 2532 locis
770 2487 880 2533 omnes
896 2467 1022 2532 codices
1039 2475 1072 2533 et
1088 2467 1247 2533 editiones
1264 2467 1490 2546 consentiunt;

160 2571 193 2635 in
215 2570 315 2665 tertio
343 2571 413 2638 loco
436 2573 544 2638 Paris.
577 2573 663 2638 aiter·
690 2572 758 2655 (Π·)
780 2574 892 2640 addito
921 2573 1051 2654 utrique
1082 2575 1202 2640 nomini
1234 2573 1373 2639 articulo
1403 2594 1491 2656 prae·

159 2679 215 2742 bet
237 2675 271 2742 αἱ
294 2676 468 2765 ἀρχαὶκαὶ
491 2677 524 2744 αἱ
547 2677 661 2757 αἰτίαι,
698 2680 800 2745 Paris.
827 2680 951 2762 primns
975 2680 1046 2768 (ΠΙ)
1079 2676 1183 2746 altero
1206 2680 1345 2746 articulo
1369 2681 1490 2745 omisso

160 2782 193 2849 αἱ
216 2783 314 2871 ἀρχαὶ
337 2791 393 2853 καὶ
416 2785 528 2863 αἰτίαι,
565 2785 707 2852 editores
737 2787 964 2853 ιιιιοιοιίιιιιοιιι
990 2787 1109 2853 codicis
1136 2770 1239 2852 Paris,
1265 2786 1361 2868 primi
1386 2787 1491 2852 secuti

158 2898 238 2956 suot
260 2907 380 2969 omnes,
428 2892 531 2975 Agite
555 2912 634 2959 vero
658 2894 896 2974 examinemus
924 2904 999 2960 utra
1022 2893 1119 2960 lectio
1144 2892 1262 2959 iustior
1285 2893 1328 2959 sit
1352 2900 1387 2958 et
1409 2913 1492 2974 quae

86 3003 88 3007 ’
160 2998 220 3064 uis·
243 3000 287 3064 sit
320 2998 455 3064 articuli
478 2999 529 3065 bis
552 2999 659 3082 positi.
707 3000 818 3082 Atque
847 3001 950 3082 primo
978 3005 1013 3065 et
1042 2999 1141 3065 tertio
1174 3001 1244 3067 loco
1267 2999 1490 3081 philosophum

159 3111 251 3187 patet
267 3123 380 3171 omnes
396 3113 543 3170 causas
529 3109 750 3172 turbarumet
769 3107 963 3172 seditionum
984 3108 1280 3188 comprehendisse;
1307 3107 1440 3171 ires
1382 3113 1440 3170 au
1441 3125 1490 3170 em

160 3221 227 3278 tres
251 3232 323 3278 esse
347 3211 444 3287 dicit
480 3217 599 3294 eiquo
624 3215 716 3280 modo
740 3213 849 3280 affecti
873 3215 1017 3278 homines
1042 3219 1108 3278 mot
1111 3233 1148 3279 us
1171 3219 1303 3294 parent,
1341 3219 1375 3276 et
1398 3232 1491 3293 quern

159 3319 288 3384 finem
279 3339 310 3383 rn
337 3319 555 3386 seditionibus
579 3321 739 3386 iaciendis
763 3328 945 3398 sectentur,
977 3327 1011 3385 et
1035 3320 1112 3400 quid
1136 3320 1183 3385 rei
1207 3325 1417 3400 provocetet
1440 3338 1491 3383 ex-

159 3425 252 3491 citet
268 3426 462 3505 seditiones,
496 3428 549 3494 vel
573 3433 611 3492 ut
634 3427 822 3493 notionibus
847 3446 932 3492 nunc
954 3447 974 3492 a
997 3427 1196 3508 philosophis
1226 3424 1391 3507 usurpatis
1422 3431 1490 3490 uta·
1532 3429 1534 3433 ’

159 3550 246 3607 mur,
284 3552 416 3599 eausam
451 3533 632 3613 internam,
660 3553 792 3599 causam
827 3533 971 3609 finalem,
1007 3552 1138 3599 causam
1167 3533 1342 3599 motricern.
1388 3532 1491 3596 Immo

159 3637 263 3719 ipsum
302 3639 525 3721 philosophum
566 3639 737 3706 erudiamus
785 3642 836 3705 his
873 3641 913 3705 de
952 3640 1058 3706 tribus
1105 3621 1280 3722 generibus
1318 3656 1489 3704 causarum

160 3743 374 3811 disserentem
420 3766 449 3827 p.
494 3748 589 3812 1302*
619 3749 655 3812 18
702 3745 760 3811 εἰσὶ
798 3749 831 3810 δὲ
870 3749 979 3832 σχεδὸν
1026 3760 1105 3831 τρεῖς
1149 3752 1198 3812 τόν
1246 3744 1398 3831 ἀριθμόν,
1453 3746 1492 3819 ἃς

160 3851 323 3936 διοριστέον
358 3854 434 3918 καθ’
472 3851 567 3924 αὑτὰς
601 3857 684 3937 τόπῳ
721 3865 846 3937 πρῶτον.
883 3854 929 3917 δεῖ
962 3858 1021 3939 γὰρ
1056 3857 1163 3937 λαβεῖν
1202 3865 1267 3922 πῶς
1304 3876 1334 3916 τε
1368 3852 1492 3938 ἔχοντες

160 3962 356 4031 στασιάζουσι
378 3963 432 4025 καὶ
455 3960 540 4025 τίνων
570 3960 672 4024 ἕνεκεν
681 3964 693 4043 ,’
721 3964 775 4025 καὶ
798 3965 894 4045 τρίτον
924 3967 1001 4034 τινες
1025 3960 1122 4047 ἀρχαὶ
1147 3967 1283 4042 ,γίνονται
1311 3970 1369 4023 τῶν
1402 3961 1491 4023 πολι-

159 4077 248 4129 τικῶν
271 4078 418 4152 ταραχῶν
440 4073 494 4132 καὶ
517 4080 574 4132 τῶν
600 4073 675 4150 πρὸς
698 4065 855 4154 ἀλλήλους
884 4073 1028 4133 στάσεων.
1075 4074 1212 4133 Prorsus
1244 4065 1310 4131 alia
1340 4073 1391 4130 est
1419 4085 1489 4153 tton-

160 4169 242 4234 dicio
266 4171 363 4236 medii
387 4172 448 4238 loci
475 4193 502 4253 p.
519 4177 615 4238 1302
626 4176 684 4248 35;
711 4173 762 4237 hie
786 4174 870 4238 enim
887 4174 1000 4239 Aristo
1004 4175 1085 4240 teies
1110 4195 1171 4240 uno
1188 4175 1228 4239 de
1252 4174 1355 4239 altero
1371 4191 1491 4254 gerrone

160 4294 331 4342 carrsarum
362 4279 491 4344 dicite
473 4284 599 4360 etqua
629 4287 681 4345 est
711 4280 893 4398 neglegent
886 4299 918 4344 ra
950 4282 983 4345 in
1008 4282 1155 4347 oratioue
1186 4280 1350 4345 fundenda
1374 4278 1487 4342 iisdem

161 4384 380 4448 vorabuiis’
350 4399 453 4449 αιτιον
476 4410 530 4451 και
555 4386 731 4473 άρχιῐιν
686 4394 733 4451 υιι
737 4396 791 4451 tur
814 4388 856 4451 ad
872 4387 983 4452 varias
1009 4408 1061 4453 res
1085 4388 1201 4468 quibus
1225 4386 1402 4452 seditiones
1426 4405 1487 4450 mo

85 4529 90 4535 -
162 4498 301 4555 veantur
323 4499 358 4556 et
381 4500 599 4573 provocentur
622 4492 863 4575 significandas.
902 4497 947 4559 At
964 4495 1038 4561 vide
1055 4514 1094 4560 ne
1112 4494 1197 4560 iusto
1214 4492 1489 4576 neglegentiorem

161 4595 220 4662 tibi
245 4596 612 4683 fingas-Aristotelem
636 4599 665 4664 is
694 4601 797 4685 enim,
827 4599 856 4664 si
887 4601 1073 4668 accuratius
1103 4601 1173 4667 eius
1201 4602 1305 4667 verba
1323 4600 1489 4673 attendas.
