3324 5078
508 308 595 363 Curae
613 307 720 362 criticae
738 307 935 363 inAristotelis
954 307 1072 364 Politice
1413 310 1455 376 99

244 502 352 567 Multa
376 507 454 568 sunt
477 505 537 568 boc
560 503 639 581 loeo,
665 502 698 567 in
724 503 841 582 quibus
857 503 1046 568 Aristotelis
1069 523 1202 570 acumen
1227 504 1405 568 disserendi
1429 510 1462 569 et

124 609 252 674 dicendi
292 609 537 690 simplicitatem
572 617 670 690 atque
707 610 904 690 elegantiam
940 609 1115 675 desideres.
1175 614 1283 690 Atque
1323 611 1456 690 primum

124 717 256 796 quidem
281 717 358 797 quid
383 715 558 797 respondet
582 715 763 795 particulae
793 722 848 802 μὲν
883 723 956 796 post
988 724 1133 800 πρότερον
1170 718 1318 797 positae?
1365 716 1461 782 Certe

124 823 209 904 quud
233 822 383 902 sequitur
414 804 470 886 νῦν
506 823 540 884 δὲ
571 822 622 884 διὰ
653 826 709 892 τὰς
739 821 892 910 ὠφελείας
909 875 914 886 .
934 875 966 887 ..
994 826 1154 906 βουλονται
1189 835 1324 908 συνεχῶς
1356 822 1461 907 ἄρχειν

125 948 259 1010 prorsus
284 929 381 993 aliam
408 927 507 991 babet
530 925 665 1027 fonnem
690 929 948 1008 grammaticam.
1001 929 1125 992 Deinde
1158 927 1231 1007 quis
1256 928 1338 992 seret
1361 928 1460 1007 scrip·
1526 932 1527 936 ’

126 1047 228 1101 torem
268 1042 333 1099 tam
374 1033 454 1098 exili
493 1039 638 1098 utentem
679 1019 852 1110 oratione,
876 1043 932 1108 ut,
968 1041 1139 1114 postquam
1175 1033 1339 1098 indicandi
1370 1034 1461 1098 rnodo

126 1141 259 1213 ἀξιοῦσιν
292 1140 474 1220 usurpavit,
509 1139 622 1219 paucis
656 1139 839 1206 interiectis
876 1140 1044 1208 vocabulis
1080 1139 1286 1221 participium
1319 1140 1461 1205 eiusdem
1567 1171 1569 1176 ·

126 1247 218 1311 verbi
242 1245 421 1326 (ἀξιοῦντες)
454 1245 620 1311 adhibeat.
682 1248 830 1329 Denique
854 1248 883 1313 si
908 1248 1015 1312 media
1039 1249 1140 1318 verba
1163 1253 1308 1331 πρότερον
1333 1251 1385 1333 μὲν
1410 1265 1460 1311 us·

125 1373 187 1434 que
217 1353 259 1417 ad
290 1355 473 1437 λειτουργεῖν
505 1351 661 1429 eieceris,
693 1353 860 1418 sententia
892 1353 1046 1435 procedet
1080 1352 1200 1434 optime
1235 1372 1337 1434 neque
1372 1353 1462 1432 quid-

126 1479 222 1539 quam
247 1462 329 1540 qnod
354 1459 495 1524 addatur
529 1458 721 1524 desideres?
768 1459 924 1525 Ceterum
960 1463 1062 1526 verba
1097 1459 1163 1525 ista
1198 1479 1238 1524 ex
1272 1461 1292 1525 l.
1316 1461 1366 1526 IV
1389 1463 1462 1525 cd

127 1587 157 1648 p.
187 1568 283 1632 129l⁸
307 1568 348 1631 36
374 1585 441 1646 sqq.
467 1564 647 1647 ‘despector
677 1562 731 1629 οὖν
756 1564 839 1631 εἶναι’
864 1589 950 1636 τινας
973 1569 1044 1637 τοὺς
1066 1565 1252 1652 δυναμένους
1275 1566 1380 1652 ἄρχειν
1409 1571 1463 1632 καὶ

127 1677 376 1761 λειτουργοῦντας
399 1671 419 1759 ἢ
444 1683 582 1758 συνεχῶς
605 1671 626 1758 ἢ
650 1676 732 1736 κατὰ
756 1672 848 1758 μέρος
871 1656 908 1758 τῇ
933 1677 1021 1737 πόλει
1045 1677 1155 1760 ταυτην
1183 1676 1237 1759 τὴν
1265 1658 1460 1758 λειτουρχῖαν’

127 1780 160 1844 iu
185 1781 270 1845 bunc
293 1779 413 1845 librum
438 1778 625 1845 manavisse
650 1779 923 1860 videnturculpa
952 1780 1161 1861 glossatoris,
1195 1778 1347 1856 forsitan
1363 1779 1460 1861 pbilo-

126 1886 220 1968 supbi
244 1885 468 1968 peripatetici,
493 1884 548 1967 qui
576 1905 648 1951 cum
674 1888 753 1952 baec
771 1889 873 1952 verba
897 1886 1089 1952 recordatus
1110 1891 1207 1963 essct,
1231 1885 1461 1951 incommodum

129 1993 202 2057 bnic
227 1994 295 2058 loco
319 1992 575 2058 additamentum
602 1992 725 2058 intulit.

241 2151 333 2217 Arist
364 2153 430 2218 Pol.
451 2153 482 2219 V
506 2159 517 2216 l
545 2171 574 2233 p.
598 2154 694 2217 1301·
706 2155 749 2217 33
771 2158 839 2233 sqq.
866 2151 931 2217 εἶτα
956 2153 987 2216 οἳ
1011 2156 1066 2239 μὲν
1090 2151 1132 2222 ὡς
1152 2152 1214 2216 icor
1237 2152 1320 2222 ὄντες
1342 2157 1459 2218 πάντων

113 2240 187 2324 ’τῶν
207 2261 288 2323 ,ἴσων
311 2258 429 2330 ἀξιοῦσι
453 2257 603 2345 μετέχειν,
637 2261 668 2323 οἳ
690 2257 717 2322 δ’
741 2258 783 2329 ὡς
806 2260 905 2324 ἄνισοι
930 2259 1016 2330 ὄντες
1039 2262 1230 2324 πλεονεκτεῖν
1255 2263 1406 2346 ζητοῦσιν·
1429 2264 1462 2323 τὸ

128 2371 187 2451 γὰρ
212 2369 316 2431 πλεῖον
341 2366 452 2431 ἄνισον.

242 2473 329 2558 Quid
344 2473 546 2538 Aristoteles
570 2473 678 2538 dicere
704 2473 855 2550 uoluerit,
883 2473 968 2538 haud
985 2463 1119 2539 dilficile
1142 2472 1322 2557 intellegas,
1339 2474 1463 2539 seilicet

129 2580 212 2646 alios
236 2582 412 2645 secundum
443 2579 675 2660 aequalitatem
700 2582 884 2661 postulare,
914 2586 952 2644 nt
982 2581 1123 2644 omnium
1158 2599 1264 2644 rerum
1289 2581 1462 2663 participes

129 2687 212 2752 fiant
247 2687 445 2767 aequaliter,
478 2687 565 2781 ¹alios
600 2690 776 2752 secundum
814 2687 1083 2768 inaequalitatem
1113 2686 1145 2750 id
1173 2705 1285 2768 agere,
1319 2695 1356 2752 ut
1389 2689 1462 2769 plus

130 2795 273 2858 babeant
296 2812 391 2873 quam
414 2792 481 2858 alii.
530 2796 577 2858 nt
598 2813 681 2875 quae
706 2794 739 2858 in
774 2793 939 2859 codicibus
969 2794 1126 2876 leguntur
1149 2812 1252 2872 neque
1276 2813 1344 2859 eam
1368 2814 1462 2875 quam

85 2982 89 2987 ,
129 2901 282 2966 hocloco
305 2906 475 2982 exspectes
505 2901 703 2981 sententiam
736 2901 884 2967 efficiunt
918 2919 1022 2981 neque
1056 2899 1187 2966 onrnino
1221 2908 1356 2986 reetam;
1389 2922 1461 2967 uam

130 3007 271 3072 omnium
304 3027 412 3072 rerum
447 3006 625 3089 participes
660 3008 710 3073 illi
745 3009 816 3074 fieri
852 3010 969 3075 volunt
1001 3007 1191 3090 aequaliter,
1226 3026 1288 3072 non
1323 3007 1462 3073 omnium
1521 2994 1524 2999 ’

131 3110 313 3196 aequalium
338 3112 454 3180 iurum.
503 3115 575 3180 Acu
601 3114 704 3197 igitur
728 3135 796 3180 rem
821 3116 934 3196 tetigit
957 3115 1090 3192 Ooraes,
1119 3114 1298 3196 philologus
1327 3134 1463 3200 graecus

130 3240 267 3302 graecae
290 3220 421 3302 linguae
452 3220 687 3302 gnarissimus,
722 3223 806 3303 quod
829 3234 897 3300 τῶν,
930 3229 968 3287 ut
991 3221 1140 3303 quodex
1163 3220 1318 3284 extremis
1341 3220 1463 3286 litteris

131 3325 354 3392 antecedentis
377 3327 527 3393 vocabuli
551 3333 673 3395 πάντων
698 3330 781 3394 falso
807 3328 939 3394 iteratis
972 3335 1079 3393 ortum
1104 3335 1206 3406 esset,
1241 3327 1462 3408 expellendum

131 3452 203 3498 esse
233 3434 448 3501 existimavit.
496 3435 646 3500 Alterum
680 3442 790 3517 potest
824 3437 857 3502 in
893 3435 1161 3516 disceptationem
1197 3433 1321 3514 vocari,
1354 3440 1461 3498 utrum

134 3541 216 3620 quod
243 3540 453 3622 subsequitur
475 3543 669 3608 vocabulum
691 3544 766 3607 ἴουν
797 3562 869 3608 cum
894 3543 1068 3625 Spengelio
1104 3541 1138 3607 in
1169 3540 1245 3614 ἴσως
1276 3541 1462 3606 mutandum

131 3648 177 3713 sit
199 3667 241 3713 an
265 3649 299 3713 in
321 3649 403 3713 ἴσον·
429 3651 488 3714 boc
512 3649 651 3715 alterum
677 3637 714 3715 ut
738 3649 953 3731 praeferrem,
987 3649 1148 3715 adductus
1175 3666 1246 3712 sum
1269 3647 1367 3711 simili
1395 3647 1463 3712 loco

131 3755 249 3820 collato
273 3775 302 3836 p.
331 3757 428 3822 1316¹³
456 3758 540 3820 1-3
571 3755 643 3820 ἀλλ’
666 3754 727 3842 οὐχ
750 3755 795 3822 ὅτι
819 3755 848 3821 οἱ
871 3759 951 3821 πολὺ
974 3753 1176 3842 ὑπερέχοντες
1199 3765 1266 3823 ταῖς
1288 3751 1406 3824 οὐσίαις
1428 3753 1463 3818 οῖ’)

132 3860 251 3926 δίκαιον
275 3862 389 3928 οἴονται
414 3863 502 3928 ἰὀον
527 3869 709 3949 μετέχειν
734 3876 788 3952 τῆς
811 3867 932 3934 πόλεως
955 3866 1025 3934 τοὺς
1053 3867 1258 3950 κεκτημένους
1285 3862 1378 3947 μηδὲν
1402 3872 1464 3931 τοῖς

131 3975 340 4056 κεκτημένοις.
661 3966 663 3970 ⁸

244 4147 343 4215 Arist.
368 4149 436 4214 Pol.
459 4149 526 4215 VII
553 4152 568 4214 l
595 4169 624 4231 p.
654 4152 751 4216 1323·
769 4153 917 4217 19-21:
955 4151 1002 4215 διὸ
1026 4150 1072 4214 δεῖ
1094 4159 1211 4234 πρῶτον
1236 4145 1463 4234 ὁμολογεῖσθαι,
1508 4144 1511 4148 ’

133 4263 177 4326 τίς
200 4255 216 4321 ὁ
241 4269 332 4322 πᾶσιν
356 4256 398 4328 ὡς
422 4255 515 4322 εἰπεῖν
541 4255 744 4341 αἱρετώτατος
768 4263 844 4342 βίος,
870 4262 948 4344 μετὰ
978 4259 1013 4321 δὲ
1042 4267 1129 4322 τοῦτο
1153 4262 1278 4339 πότερον
1301 4264 1386 4339 κοινῇ
1409 4258 1462 4318 καὶ

133 4370 230 4451 χωρὶς
253 4362 269 4428 ὁ
293 4362 384 4435 αὐτὸς
406 4363 427 4451 ἢ
452 4363 563 4450 ἕτερος.
1350 4348 1365 4355 a
1440 4431 1442 4435 ,

244 4473 339 4536 Duae
364 4471 587 4538 νοουμένου
619 4473 805 4538 contrariae
837 4472 889 4537 hic
918 4477 1101 4553 ponuntur:
1137 4469 1206 4535 vita
1241 4468 1464 4536 universorum

136 4577 298 4645 bominum
321 4585 354 4652 et
379 4579 448 4646 vita
471 4578 682 4661 singulorum.
734 4579 855 4646 Graeci
890 4588 1000 4644 autern
1036 4597 1088 4643 res
1115 4578 1203 4643 inter
1225 4595 1260 4641 se
1283 4576 1463 4642 contrarias

1276 4701 1308 4757 Ἰ*
