3324 5078
164 334 223 398 108
569 332 661 386 Reno.
682 330 868 403 Schmidinger
887 363 919 372 -
946 331 976 385 G.
996 331 1082 401 Vogel

161 547 222 593 non
249 548 382 611 prorsus
407 529 517 592 eadem
541 529 574 592 in
600 528 704 593 tribus
728 529 802 593 istis
827 527 907 592 locis
932 546 1010 591 usus
1034 525 1273 605 estuatione,
1309 528 1367 592 sed
1392 527 1495 593 medio

160 637 228 700 loco
252 635 391 700 articulo
415 635 513 698 semel
538 633 642 714 posito
667 634 765 707 αἰτίας
781 643 812 698 et
832 634 935 718 ἀρχὰς
959 653 1057 698 nnnm
1083 632 1206 712 aliquid
1231 633 1419 714 significare
1445 635 1494 700 in·

159 741 290 806 dicavit.
338 740 404 805 Suo
428 740 536 820 igitur=
553 739 623 803 iure
646 739 700 802 ille
725 741 828 803 medio
860 739 929 803 loco
954 739 1040 803 dixit
1072 738 1102 803 αἱ
1127 741 1153 803 δ’
1179 737 1275 803 αἰτίαι
1307 745 1362 804 καί
1386 740 1494 829 ἀρχαί,

160 866 221 911 non
247 845 279 909 ed
303 847 329 908 δ’
347 845 441 909 αἰτίαι
464 851 518 910 καί
541 843 573 909 αἱ
597 845 702 931 ἀρχαί.
754 851 797 909 nt
820 845 913 909 tertii
937 845 999 909 loci
1024 847 1120 925 plane
1144 848 1256 911 eadem
1279 853 1330 910 est
1346 848 1495 912 condicio

135 959 257 1032 ‚atque
282 952 394 1033 primi;
432 970 496 1031 qrra
525 951 563 1015 de
594 970 691 1016 cansa
715 953 825 1016 eadem
850 951 977 1015 dicendi
1002 950 1141 1016 formula
1165 959 1303 1032 utroque
1327 952 1397 1016 loco
1421 972 1494 1018 eum

160 1076 251 1123 usum
276 1076 348 1122 esse
374 1056 488 1121 merito
512 1063 687 1138 exspectes,
721 1061 828 1138 Atque
852 1075 923 1121 cnm
948 1056 1053 1137 primo
1069 1058 1138 1122 loco
1154 1059 1295 1123 articulo
1320 1059 1372 1124 bis
1388 1059 1495 1140 posito

158 1168 214 1234 τὰς
237 1163 340 1250 ἀρχὰς
361 1168 491 1233 καὶτὰς
513 1162 612 1234 αἰτίας
639 1164 739 1240 dixit,
776 1171 921 1227 extremo
953 1183 1079 1244 quoque
1111 1165 1179 1230 loeo
1204 1152 1365 1230 articulus
1390 1165 1441 1231 bis
1465 1165 1496 1230 ei

159 1271 324 1352 ponendus
350 1270 420 1337 fuit.
452 1271 528 1336 Jurn
547 1289 615 1334 cnm
633 1271 665 1334 id
689 1270 802 1351 ipsum,
822 1269 907 1348 quod
924 1277 1105 1350 exspectas,
1125 1273 1281 1352 praebeat
1297 1271 1365 1337 cod.
1388 1272 1494 1337 Paris.

159 1378 257 1455 alter,
294 1377 385 1442 nulla
408 1389 481 1442 erat
505 1396 612 1450 ceusu,
637 1397 696 1441 err
719 1376 862 1441 editores
887 1375 1059 1441 lectionem
1084 1375 1117 1441 αἱ
1141 1375 1316 1463 ἀρχαὶκαὶ
1340 1375 1373 1442 αἱ
1397 1376 1496 1443 αἰτίαι

160 1484 337 1562 coicerent,
368 1486 545 1565 probarent
570 1484 681 1548 falsum
717 1481 749 1546 ci
773 1481 947 1568 ἀρχαὶκαὶ
971 1481 1082 1561 αἰτίαι,
1109 1491 1219 1549 nutam
1250 1483 1340 1548 illum
1365 1482 1495 1564 quidem

117 1580 119 1584 ⁴
159 1609 271 1656 errore
294 1589 422 1656 librarii
446 1589 575 1656 litteras
599 1614 631 1654 αι
654 1590 762 1669 semel,
788 1608 851 1654 non
877 1588 926 1653 bis
952 1595 988 1654 ut
1011 1590 1152 1656 debebat
1176 1589 1372 1656 exurentis·

1072 1725 1198 1830 Franc
1219 1725 1448 1812 Schmidinper.
1524 1825 1526 1829 y

663 1905 983 1914 —-.—-——-———-—-—

205 2101 260 2164 De
283 2097 409 2170 Polit.
435 2095 556 2162 libris
582 2097 651 2165 VII
674 2105 715 2164 et
740 2099 830 2168 VIII
854 2102 952 2163 aute
973 2097 1108 2164 libros
1131 2098 1252 2188 IV-VI
1276 2097 1494 2178 ponendis.
1524 2166 1525 2170 ,

272 2247 485 2314 Politicorum
504 2247 657 2313 librorum
675 2248 819 2314 ordinem
836 2249 931 2314 valde
948 2251 1118 2324 turbatum
1141 2267 1214 2313 esse
1229 2247 1390 2314 neminem
1406 2249 1493 2333 fugit

160 2375 280 2432 eorum,
306 2354 360 2435 qui
385 2354 544 2420 intentius
567 2356 692 2421 uersati
716 2356 851 2421 suntin
874 2356 994 2421 studiis
1009 2354 1244 2421 Aristotelicis.
1287 2357 1397 2435 Atque
1420 2375 1493 2422 cum

160 2462 223 2526 iam
248 2468 325 2527 unte
349 2463 422 2542 plus
445 2462 600 2528 ducentos
624 2481 724 2527 annos
749 2462 889 2545 Segnius
913 2469 945 2528 et
970 2462 1170 2544 Conringius
1199 2463 1320 2528 iustum
1346 2463 1494 2528 ordinem

160 2567 316 2634 librorum
348 2568 522 2635 restituere
553 2569 661 2634 coneti
691 2577 816 2646 essent,
851 2575 965 2635 nostra
996 2568 1151 2635 memorie
1176 2569 1370 2634 Leonardus
1394 2568 1494 2650 spen·

159 2675 265 2757 gelius
297 2675 487 2741 doctissima
505 2678 801 2765 commentatione,
838 2667 929 2743 Uber
958 2677 1011 2742 die
1043 2675 1168 2742 Politik
1199 2676 1256 2741 des
1281 2675 1492 2752 Aristoteles

159 2781 261 2847 libres
285 2782 357 2850 VII
385 2789 419 2848 et
443 2783 533 2851 VIII
557 2789 632 2848 ante
660 2785 759 2848 libros
787 2785 838 2850 [V
862 2785 894 2852 V
921 2785 971 2852 VI
1000 2784 1166 2864 ponendos
1197 2801 1270 2848 esse
1301 2781 1431 2863 copiose
1462 2787 1496 2846 et

159 2895 254 2953 acute
277 2889 523 2967 demonstravit,
548 2909 638 2970 quem
663 2891 868 2956 secutisunt
890 2909 962 2956 eum
987 2891 1044 2956 alii
1068 2899 1137 2955 tum
1162 2887 1389 2956 Susemihlius.
1428 2888 1492 2953 Ille

159 3012 213 3060 res
236 3013 430 3076 quamquam
454 2996 502 3062 ita
525 2995 558 3061 in
583 2997 652 3062 luce
676 2998 783 3078 posite
799 3006 858 3076 est,
885 3003 922 3063 ut
938 3017 996 3079 pro
1013 3003 1104 3063 certo
1120 2996 1234 3063 baberi
1252 2994 1365 3077 possit,
1384 3000 1492 3060 tomen

160 3120 223 3165 non
249 3103 376 3180 desunt,
403 3103 458 3183 qui
483 3103 637 3168 traditum
660 3104 815 3169 librorum
840 3105 984 3169 ordinem
1004 3105 1208 3170 retinendum
1226 3108 1354 3186 putent,
1372 3103 1494 3185 partim

160 3209 244 3288 quod
273 3210 441 3276 audaciam
465 3212 674 3278 convertendi
698 3212 872 3291 pristinum
897 3213 1054 3279 librorum
1080 3213 1224 3278 ordinem
1250 3211 1493 3289 abominantur,

160 3315 278 3394 partim
304 3318 387 3395 quod
412 3317 528 3397 quibus
553 3318 601 3383 illi
625 3320 828 3399 argumentis
852 3320 903 3386 usi
927 3328 1014 3400 sunt,
1040 3320 1136 3402 plane
1161 3339 1196 3384 se
1219 3316 1374 3386 convinci
1396 3336 1492 3400 posse

122 3420 124 3423 ’
161 3428 289 3501 negant.
316 3441 451 3503 quorum
468 3424 507 3488 de
528 3443 658 3489 numero
677 3425 930 3491 Benedixenium
947 3434 981 3491 et
1001 3428 1306 3493 uorcuhannernn
1320 3425 1493 3492 nominare

160 3527 243 3592 satis
269 3530 378 3594 babeo.
429 3529 522 3620 Quae
546 3549 617 3595 cum
642 3531 688 3595 ite
712 3531 788 3606 sint,
816 3552 878 3598 non
896 3535 1074 3599 verendum
1094 3542 1154 3618 est,
1180 3554 1219 3598 ne
1241 3552 1373 3615 operam
1390 3532 1495 3615 perdi·

160 3633 247 3700 disse
274 3626 450 3713 videamur,
476 3637 505 3701 si
529 3639 612 3702 alias
636 3656 751 3702 causus
776 3638 1089 3720 circumspiciamus,
1118 3641 1234 3720 qrribus
1258 3641 1360 3706 libros
1385 3641 1435 3707 IV
1463 3641 1491 3708 V

161 3741 212 3807 VI
236 3749 309 3822 post
331 3741 433 3806 libros
461 3744 522 3810 VII
545 3749 578 3808 et
605 3746 690 3810 VIII
715 3745 918 3810 collocandos
942 3766 1014 3811 esse
1038 3749 1087 3811 ita
1110 3747 1417 3826 confirmemus-nt
1440 3747 1493 3812 ed·

160 3847 301 3913 versarii
326 3868 440 3913 rnanus
465 3851 542 3915 dare
566 3859 734 3932 cogantur
780 3851 866 3936 Quid
890 3860 998 3918 eutem
1024 3854 1134 3935 aptius
1158 3860 1358 3934 potestesse
1378 3854 1420 3919 ed
1444 3855 1494 3919 de·

161 3956 422 4035 monstrandum,
453 3976 546 4037 ortem
579 3958 608 4022 si
632 3958 664 4022 in
690 3958 781 4022 libris
805 3961 856 4027 IV
882 3961 912 4027 V
940 3962 987 4025 VI
1011 3962 1098 4025 locos
1123 3952 1398 4041 indagarenobis
1422 3980 1495 4026 con·

161 4061 278 4144 tingat,
303 4064 358 4143 qui
383 4064 423 4128 ed
447 4083 494 4140 ea,
520 4084 601 4144 qrrae
626 4065 658 4128 in
683 4064 777 4138 libris
805 4066 924 4143 Vliet
950 4068 1030 4133 VIII
1053 4075 1258 4148 pertrectata
1282 4075 1370 4147 sunt,
1396 4067 1494 4150 respi-

161 4169 251 4234 ciant
274 4169 385 4250 eisque
411 4177 573 4252 tamquam
599 4173 806 4237 fundamento
831 4179 993 4238 utentur?

276 4281 386 4357 Atque
410 4277 548 4358 primum
573 4278 699 4357 quidem
723 4279 928 4345 considerare
953 4282 1058 4345 visum
1084 4291 1136 4345 est
1160 4281 1264 4345 locum
1288 4280 1367 4346 libri
1385 4283 1494 4363 quarti

161 4400 190 4461 p.
212 4385 309 4448 1289·
332 4386 375 4449 30
405 4391 474 4469 περὶ
505 4391 559 4472 μὲν
590 4384 903 4468 ἀριστοκρατίαςααὶ
936 4391 1094 4471 βασιλείας
1124 4389 1256 4476 εἴρηται,
1287 4393 1320 4453 τὸ
1345 4393 1497 4474 γάρπερὶ

161 4499 216 4576 τῆς
248 4488 374 4578 ἀρίστης
403 4496 556 4566 πολιτείας
585 4497 743 4579 θεωρῆσαι
771 4493 861 4558 ταὺτὸ
889 4499 942 4558 καὶ
970 4500 1039 4578 περὶ
1062 4498 1173 4559 τοὺτων
1204 4494 1283 4562 ἐστὶν
1313 4494 1407 4560 εἰπεῖν
1437 4509 1495 4560 τῶν

161 4592 331 4682 ὀνομάτων·
364 4601 504 4682 dubitetur
531 4605 589 4685 peip
618 4598 748 4688 increper
779 4603 847 4666 κατ’
880 4600 990 4689 ἀρετὴν
1021 4607 1200 4668 συνεστάναι
1230 4601 1493 4695 κεχορηγημένην.
