3324 5078
547 293 633 348 Curae
652 293 758 347 criticae
778 293 805 344 in
826 293 977 347 Aristotelis
997 285 1115 349 Ponnca
1439 297 1500 376 Ι113

164 486 268 549 dinem
303 503 425 550 morum
460 496 491 552 et
522 488 715 568 disciplinae
748 488 906 552 rationem
938 490 1154 554 revocandum
1184 509 1255 554 esse
1279 490 1392 554 dicam.
1439 490 1500 556 Oui

164 592 429 671 interpretationi
461 613 524 658 nou
555 598 667 658 obstat
698 596 782 674 qnod
807 596 1011 661 Aristoteles
1045 597 1076 660 in
1110 596 1220 661 eodem
1252 596 1334 662 libro
1365 597 1500 677 septimo

164 698 386 763 educationem
412 719 475 763 uon
502 701 661 778 fortunae,
688 701 744 764 sed
770 701 898 766 consilii
922 708 1022 783 atque
1048 702 1185 767 rationis
1209 720 1280 767 esse
1301 703 1501 768 demonstrat

165 823 190 882 p.
215 806 309 869 1332²²
333 808 370 870 31
399 811 432 870 τὸ
456 809 489 869 δέ
514 808 683 872 σπουδαίαν
708 806 785 871 εἶναι
810 813 863 894 την
888 812 975 873 πόλιν
1000 808 1100 873 οὐκέτι
1124 821 1178 896 της
1200 813 1296 895 τυχης
1320 809 1406 893 ἔργον
1431 808 1497 874 ἀλλ’

163 911 332 999 ἐπιστήμης
355 919 408 977 καὶ
432 911 647 996 προαιρέσεως.
697 913 790 978 Licet
814 915 900 980 euim
925 915 1128 980 educationis
1152 915 1324 996 disciplina
1351 914 1499 996 inprimis

163 1038 181 1081 a
212 1019 348 1083 consilio
378 1028 409 1084 et
441 1020 618 1100 prudentia
647 1020 842 1101 scriptorum
871 1023 979 1104 legum
1011 1031 1046 1087 et
1076 1028 1318 1103 praeceptorum
1351 1023 1499 1102 pendeat,

163 1133 271 1188 tamen
296 1125 349 1190 vel
381 1126 505 1209 optima
539 1127 689 1192 educatio
726 1126 808 1191 nibil
845 1130 935 1193 valet
961 1131 1071 1216 rebus
1107 1128 1302 1194 necessariis
1334 1127 1500 1193 destituta.

163 1231 237 1314 Qua
261 1232 300 1295 de
325 1251 424 1296 causa
447 1241 580 1320 χορηγία
603 1238 725 1320 τυχηρὰ
748 1252 786 1298 eo
812 1233 985 1301 referenda
1009 1245 1069 1313 est,
1095 1236 1177 1316 quod
1201 1233 1257 1314 qui
1282 1236 1368 1316 leges
1385 1245 1418 1300 et
1434 1236 1500 1300 dis-

163 1337 315 1416 cipliuam
341 1337 539 1419 reipublicae
562 1339 752 1419 instituant,
779 1340 867 1421 ipsos
890 1343 992 1408 certis
1017 1331 1115 1408 rebus
1139 1341 1290 1407 adiuvari
1314 1342 1500 1424 oporteat.¹)

277 1437 426 1535 Denique
460 1457 614 1520 πολιτείαν
647 1459 700 1542 τὴν
728 1451 800 1521 ’κατ’
825 1456 920 1544 εὐχὴν
952 1463 1112 1544 γινομένην
1143 1458 1268 1537 qualem
1300 1458 1499 1523 Aristoteles

164 1559 365 1624 intellexerit
388 1567 422 1625 ct
445 1560 562 1643 quibus
586 1561 666 1627 locis
691 1565 889 1630 tractaverit
913 1564 941 1629 si
956 1583 1179 1644 quaeramus,
1213 1583 1286 1629 eum
1309 1565 1372 1630 iam
1396 1551 1431 1630 in
1454 1583 1499 1630 se-

162 1669 265 1732 cundo
290 1669 374 1731 libro
400 1668 449 1732 bis
472 1688 502 1749 p.
527 1670 622 1734 1260ιι
640 1671 681 1734 29
706 1677 740 1734 et
767 1671 864 1735 1265·
889 1673 929 1734 18
955 1672 995 1735 de
1020 1670 1160 1736 maxime
1183 1672 1325 1752 optanda
1350 1670 1498 1752 reipubli-

162 1792 218 1839 cae
243 1774 348 1838 forma
373 1781 623 1839 commentatum
648 1794 720 1840 esse
745 1777 840 1841 uobis
865 1777 1106 1842 concedendum
1138 1783 1204 1855 est,
1238 1781 1346 1842 tamen
1376 1776 1498 1854 dubito,

162 1900 237 1946 num
262 1882 321 1945 bos
345 1882 431 1946 locos
455 1881 538 1946 libro
562 1892 680 1962 quarto
710 1887 922 1964 spectaverit.
971 1884 1058 1950 Nam
1092 1903 1163 1949 oum
1195 1904 1235 1948 ex
1266 1883 1371 1948 tribus
1402 1886 1499 1949 rebus

162 1989 253 2067 duas,
280 1987 391 2075 ἀρετὴν
415 1992 468 2074 την
493 1985 568 2073 ὑπὲρ
592 1993 661 2063 τοὺς
684 1989 808 2062 ἰδιώτας
831 1999 866 2056 et
889 1993 1031 2056 παιδείαν
1048 1992 1069 2078 ἢ
1086 1994 1205 2078 φίνσεως
1223 1991 1318 2056 δεῖται
1333 1996 1387 2056 καί
1401 2014 1498 2078 χορη-

152 2103 229 2176 tice
251 2107 405 2182 τυχηρᾶς,
442 2096 483 2160 ad
518 2115 573 2175 ea,
610 2116 692 2177 quae
723 2099 763 2163 de
788 2098 930 2182 civibus,
961 2099 1075 2179 quales
1107 2099 1141 2161 in
1165 2097 1288 2179 optima
1311 2098 1414 2163 forma
1437 2098 1529 2162 rei-·

161 2201 309 2284 publicae
332 2221 405 2267 esse
428 2204 587 2284 oporteat,
612 2204 696 2269 libro
721 2206 859 2286 septimo
883 2205 1052 2282 disseruit,
1079 2204 1268 2269 referendas
1285 2222 1356 2269 esse
1372 2209 1496 2270 certum

161 2316 259 2389 atque
283 2308 491 2374 manifestum
515 2310 569 2390 sit,
596 2311 730 2377 tertiam
754 2331 832 2390 rem,
857 2316 1014 2378 πολιτείαν
1039 2310 1110 2376 dico
1134 2315 1187 2397 τὴν
1211 2311 1280 2375 κατ’
1304 2309 1398 2397 εὐχὴν
1418 2333 1499 2393 γινο-

162 2423 266 2503 μένην,
292 2416 333 2480 ad
357 2415 609 2497 disputationem
634 2417 674 2482 de
697 2418 846 2483 externis
871 2421 986 2496 rebus,
1012 2419 1131 2500 quibus
1155 2417 1278 2499 optima
1301 2417 1498 2499 reipublicae

162 2526 266 2589 forma
289 2524 449 2588 adornata
473 2541 546 2588 esse
568 2524 696 2602 debeat,
723 2524 756 2589 in
782 2525 892 2590 eodem
917 2525 1003 2591 libro
1026 2523 1148 2591 factam
1165 2524 1329 2607 pertinere
1346 2543 1498 2606 perquam

163 2630 341 2698 verisimile
365 2637 424 2696 est.
474 2631 567 2715 Quod
592 2637 630 2696 ut
654 2631 712 2697 tibi
738 2633 956 2714 persuadeaS,
987 2633 1078 2716 legas
1110 2652 1191 2712 quae
1216 2652 1244 2712 p.
1273 2633 1370 2697 1325b
1393 2633 1435 2697 35
1459 2633 1498 2698 de

163 2757 201 2803 aa
226 2758 260 2803 re
285 2736 435 2804 disserit:
465 2736 549 2824 ἀρχὴ
577 2751 635 2802 τῶν
659 2743 773 2804 λοιπῶν
797 2738 891 2805 εἰπεῖν
915 2752 1035 2825 πρῶτον
1060 2747 1150 2814 ποίας
1173 2743 1255 2812 τινὰς
1278 2741 1323 2803 δεῖ
1346 2743 1401 2813 τὰς
1423 2736 1498 2803 bno-

161 2849 266 2918 δέσεις
290 2843 367 2909 εἶναι
390 2849 460 2929 περί
482 2857 537 2934 της
567 2849 740 2932 μελλουσης
769 2845 837 2911 κατ’
862 2844 958 2933 εἰρχην
989 2853 1170 2912 συνεστάναι
1201 2850 1328 2919 πόλεως.
1376 2843 1411 2910 οἰ)
1439 2849 1497 2930 γὰρ

161 2951 224 3018 οίόν
248 2975 280 3016 τε
303 2956 458 3017 πολιτείαν
481 2955 629 3034 γενέσθαι
652 2957 705 3039 την
730 2951 856 3041 ἀρίστην
881 2953 954 3018 ἄνευ
978 2959 1152 3039 συμμέτρου
1174 2959 1332 3039 χορηγίας.

273 3068 370 3133 Locis
405 3087 445 3134 ex
479 3068 563 3133 libro
598 3075 715 3148 quarto
748 3068 862 3133 allatis
894 3068 1044 3133 addimus
1076 3088 1173 3134 unum
1203 3087 1243 3133 ex
1273 3067 1356 3132 libro
1385 3067 1497 3149 quinto

161 3177 367 3256 pistura
392 3182 530 3263 μέγιστον
555 3176 588 3238 δέ
612 3181 732 3239 πάντων
757 3188 816 3239 των
841 3174 1009 3262 εἰρημένων
1034 3180 1110 3261 πρὸς
1126 3180 1158 3239 τὸ
1174 3173 1325 3259 διαμένειν
1340 3178 1395 3247 τὰς
1409 3178 1497 3239 πολι-

160 3291 256 3360 τείας,
296 3279 332 3346 οἰ)
370 3293 421 3347 νῦν
458 3281 637 3366 ὀλιγωροῦσι
672 3287 793 3358 πάντες,
830 3287 863 3346 τὸ
898 3283 1104 3347 παιδείνεσθαι
1139 3286 1213 3366 πρὸς
1247 3285 1301 3354 τὰς
1334 3285 1494 3355 πολιτείας.

161 3390 272 3477 ὄφελος
293 3394 352 3473 γὰρ
376 3387 463 3455 οὐδὲν
486 3401 544 3453 των
568 3387 812 3476 ὠφελιμωτάτων
837 3396 937 3476 νόμων
960 3395 1015 3454 καὶ
1039 3388 1322 3474 συνδεδοξασμένων
1347 3385 1403 3452 ὑπὸ
1419 3393 1497 3453 πάν-

160 3520 218 3560 των
241 3508 299 3560 των
323 3495 572 3581 πολιτευομένων,
603 3493 631 3558 εἰ
656 3500 697 3581 μὴ
723 3496 843 3560 ἔσονται
873 3487 1052 3581 εἰθισμένοι
1071 3501 1125 3559 καί
1147 3496 1382 3579 πεπαιδευμένοι
1405 3491 1436 3556 ἐν
1460 3503 1496 3578 τη

160 3607 308 3686 πολιτεία,
333 3601 360 3666 εἰ
383 3607 437 3688 μέν
462 3600 490 3665 οἱ
514 3608 600 3687 νόμοι
624 3602 792 3688 δημοτικοί,
817 3603 999 3690 δημοτικῶς,
1026 3601 1052 3666 εἰ
1068 3603 1095 3666 δ’
1113 3601 1313 3688 ὀλιγαρχικοί,
1339 3598 1496 3686 ὀλιγαρχι-

160 3722 229 3784 anic.
280 3708 374 3794 Quod
404 3708 605 3774 Aristoteles
637 3710 696 3773 boc
731 3709 800 3775 loco
836 3709 1063 3775 educationem
1096 3727 1266 3790 puerorum
1299 3705 1496 3788 reipublicae

161 3818 284 3882 formae
308 3816 579 3882 accommodatam
605 3815 779 3896 plurimum
805 3817 847 3880 ad
863 3816 1097 3898 rempublicam
1114 3815 1367 3881 conservandam
1384 3812 1494 3879 valere

160 3925 251 4000 dicit,
276 3925 351 3990 inde
375 3924 472 3990 facile
496 3924 616 4005 aliquis
641 3924 828 4006 suspicetur
851 3943 923 3989 eum
949 3923 983 3988 in
1008 3924 1146 4005 septimo
1171 3922 1268 3987 buius
1292 3919 1397 4002 quinti
1419 3919 1496 3984 libri

162 4032 287 4113 capite,
312 4033 431 4112 inquo
457 4051 524 4107 res,
559 4030 677 4111 quibus
710 4031 895 4113 respublica
930 4036 1155 4107 sustentetur,
1192 4025 1422 4110 pertractavit,
1457 4026 1496 4090 de

161 4140 353 4206 educatione
377 4158 502 4220 quoque
527 4139 732 4203 disseruisse.
775 4141 823 4202 At
847 4139 971 4203 multus
996 4137 1052 4202 illo
1077 4138 1146 4201 loco
1170 4143 1221 4200 est
1244 4136 1277 4200 iu
1302 4135 1386 4210 aliie,
1411 4151 1494 4213 quae

163 4247 391 4329 rempublicam
416 4246 596 4328 stabiliant,
623 4249 721 4311 rebus
747 4245 991 4327 persequendis,
1014 4245 1238 4310 educationem
1256 4259 1389 4324 prorsus
1405 4258 1494 4320 prae·

163 4354 325 4420 termittit.
365 4355 483 4434 Itaque
507 4354 571 4418 iam
595 4353 765 4434 superiore
789 4351 898 4430 aliquo
923 4353 993 4417 loco
1020 4353 1103 4416 banc
1127 4369 1194 4415 rem
1218 4347 1397 4429 expositam
1422 4365 1494 4411 esse

268 4569 288 4638 ¹)
306 4569 380 4624 Cutil.
394 4587 418 4638 p.
431 4569 535 4623 132625
549 4576 584 4638 τῲ
597 4568 732 4640 nopotis-p
747 4565 786 4618 δεῖ
799 4567 848 4638 τὴν
863 4563 963 4617 οἰκείαν
977 4565 1046 4637 ὓλην
1060 4564 1187 4635 ὑπάρχειν
1202 4559 1357 4634 ἐπιτηδείως
1372 4559 1493 4631 ἔχουσαν.

187 4686 402 4733 commentattones
415 4684 584 4740 philologiam.
1320 4689 1338 4745 3
