3324 5078
217 322 279 386 106
720 317 856 371 Hermann
877 318 1036 371 Widemsnu

327 516 429 580 Vides
465 516 523 578 hnc
555 513 623 578 Ιοου
660 532 754 578 unam
788 534 864 592 rem,
900 514 1013 603 φιλίαν,
1050 513 1176 577 duabus
1212 513 1324 590 rebus,
1359 511 1491 601 ἐπηρείᾳ
1515 521 1548 577 ct

214 628 328 708 χάριτι,
354 619 489 702 ορρουί;
512 619 596 698 qnod
620 637 691 682 curn
716 638 829 698 pnrnnr
854 620 1009 683 concinne
1033 616 1153 682 factum
1180 617 1234 690 sit,
1255 617 1416 697 snspicsri
1435 619 1546 698 possis

214 729 352 792 alterum
379 745 504 801 nomen,
529 725 620 789 velut
643 725 772 810 ἔχθραν,
803 729 842 790 nb
873 731 1006 788 auctore
1043 724 1117 788 libri
1148 732 1221 804 pust
1252 725 1303 788 vel
1339 734 1417 788 nrrte
1440 723 1547 811 φιλίαν

215 834 355 915 positum
382 832 484 896 inisse
508 851 545 896 ac
571 839 683 912 postes
706 851 816 896 errore
841 831 891 894 vel
917 829 1064 894 socordia
1089 829 1295 894 librariorum
1326 829 1546 908 intercidisse,

215 941 248 1005 in
272 941 356 1020 quod
381 957 418 1003 ec
444 938 547 1019 magis
572 938 731 1018 suspicari
756 937 847 1014 licet,
878 936 954 1015 quia
978 936 1133 1000 medicum
1159 936 1285 1002 invidia
1316 943 1350 1000 et
1372 935 1548 1000 inimicitia

216 1045 326 1111 induci
351 1063 455 1125 posse,
480 1054 516 1110 ut
539 1052 653 1135 contra
676 1044 758 1109 artis
783 1054 956 1124 praecepte
980 1052 1105 1122 peccet,
1136 1042 1237 1106 multo
1262 1042 1473 1107 verisimilius
1497 1048 1550 1107 est

215 1171 312 1234 quam
337 1152 439 1218 nimia
462 1152 620 1218 amicitia.-

329 1261 379 1325 At
403 1277 463 1342 ego
486 1259 521 1325 in
544 1277 591 1334 eo,
617 1263 654 1322 ut
678 1259 736 1322 hoc
760 1276 913 1330 moneam,
939 1275 990 1320 me
1013 1255 1177 1333 contine0;
1201 1274 1318 1321 vereor
1342 1252 1438 1332 enirn,
1458 1274 1503 1333 ne
1519 1255 1548 1318 is

216 1364 272 1448 qui
298 1369 401 1432 verba
424 1367 476 1430 διὰ
499 1366 619 1452 ἔχθραν
643 1364 790 1428 addenda
814 1369 945 1428 censeat
969 1363 1008 1427 sd
1032 1365 1084 1426 διὰ
1107 1361 1221 1450 φιλίαν,
1246 1361 1350 1444 magis
1366 1363 1547 1447 orationem

214 1471 360 1553 expolire
384 1490 487 1558 qnam·
509 1472 654 1536 elucteris
682 1488 810 1535 manum
840 1469 1015 1534 restituere
1041 1469 1205 1547 videatur-3
1236 1467 1419 1548 relinquere
1447 1466 1550 1549 igitur

216 1577 425 1659 philosopho,
462 1577 517 1658 qui
545 1595 652 1641 rerum
677 1575 827 1642 acumina
850 1577 952 1658 magis
975 1595 1071 1656 quam
1096 1573 1256 1640 orationis
1279 1575 1421 1656 leporem
1445 1581 1548 1640 secta-

215 1685 324 1760 batur,
338 1685 441 1749 levem
456 1684 541 1748 hunc
556 1682 709 1748 dictionis
726 1702 862 1750 naevum
880 1682 985 1748 satius
1001 1683 1081 1746 dnm
1097 1702 1191 1764 quem
1206 1681 1389 1764 corrigendi
1409 1680 1548 1778 arbitrio

215 1789 351 1855 nimium
375 1788 553 1872 indulgere.
588 1833 590 1837 >
1362 1777 1365 1783 ’
1453 1811 1455 1818 ’

333 2003 429 2068 rone.
455 2004 514 2068 111
540 2006 578 2069 11
603 2005 722 2085 (neni.
750 2007 803 2086 ιο)
832 1953 863 2085 p.
884 2006 982 2070 rnen
1006 2006 1048 2069 νε
1065 2023 1132 2084 sqq.

329 2125 375 2192 Ob
398 2133 497 2193 τοίνυν
520 2129 608 2194 τοῦτό
629 2131 655 2211 γ’
680 2128 895 2211 ἀντιλέγουσιν,
926 2127 968 2199 ὡς
999 2127 1054 2193 obn
1086 2127 1253 2210 ἀναγκαῖον
1282 2127 1448 2213 ἄνθρωπον
1471 2115 1550 2194 εἶναι

214 2241 265 2300 τὸν
288 2245 450 2319 κρινοῦντα
473 2239 542 2318 περὶ
561 2247 622 2301 τῶν
645 2240 797 2311 conobrem,
831 2236 901 2301 ἀλλ’
925 2236 970 2301 ὅτι
1000 2233 1059 2322 οὐχ
1089 2234 1143 2299 ἕνα
1177 2240 1269 2320 μόνον
1297 2233 1381 2298 ἀλλὰ
1403 2237 1548 2307 πολλοὺς.

213 2347 310 2426 κρίνει
333 2345 393 2426 γάρ
417 2340 547 2413 ἕκαστος
570 2342 675 2430 ἄρχων
699 2342 939 2430 πεπαιδευμένος
962 2340 1020 2407 ὑπὸ
1043 2353 1095 2406 τοῦ
1118 2347 1212 2427 νόμου
1235 2344 1351 2418 καλῶς,
1384 2340 1499 2407 ἄτοπον
1522 2345 1548 2407 τ’

213 2448 290 2518 ἴσως
313 2445 360 2511 ἂν
376 2447 454 2512 εἶναι
477 2448 590 2521 δόξειεν
614 2448 641 2515 εἰ
665 2453 783 2536 βέλτιον
808 2451 874 2537 ἔχοι
905 2471 950 2521 τις
980 2451 1061 2514 δυοῖν
1092 2448 1208 2534 ὄμμασι
1237 2452 1292 2512 καὶ
1320 2449 1403 2512 δυσὶν
1439 2448 1551 2521 ἀκοαῖς

215 2559 326 2639 κρίνων
350 2559 405 2618 καῖ
427 2561 566 2640 πράττων
589 2558 657 2622 δυσὶ
679 2562 751 2622 ποσὶ
773 2561 827 2622 καὶ
849 2562 963 2643 χερσίν,
993 2554 1013 2642 ἢ
1037 2557 1146 2619 πολλοὶ
1169 2557 1305 2632 πολλοῖς,
1331 2554 1474 2621 ἐπεῖναί
1499 2568 1551 2622 νῦν
1610 2554 1611 2557 ’

215 2658 403 2749 ὀφθαλμοὺς
426 2665 561 2734 πολλοὺς
582 2661 611 2728 οἱ
634 2663 785 2751 μόναρχοι
809 2674 943 2728 ποιοῦσιν
967 2659 1065 2727 αὑτῶν
1096 2666 1150 2726 καὶ
1180 2661 1244 2725 ὦτα
1274 2666 1328 2726 καὶ
1358 2675 1470 2749 χεῖρας
1489 2669 1553 2756 ,καὶ

215 2769 324 2838 πόδας.
372 2771 442 2838 τοὺς
464 2773 523 2854 γάρ
553 2781 590 2854 τῇ
620 2768 704 2856 ἀρχῇ
736 2775 791 2835 νιαῖ
821 2768 912 2835 αὑτοῦ
948 2769 1054 2856 φιλους
1087 2779 1242 2833 ποιοῦνται
1277 2773 1459 2854 συνάρχους.
1508 2775 1551 2858 μὴ

215 2871 301 2962 φίλοι
326 2879 381 2961 μὲν
405 2873 458 2940 οὖν
482 2876 566 2947 ὄντες
588 2874 623 2940 οἰ)
647 2883 807 2964 ποιήσουσι
832 2881 913 2942 κατὰ
936 2881 989 2963 τὴν
1013 2887 1064 2941 τοῦ
1087 2880 1244 2962 μονάρχου
1261 2879 1450 2960 προαίρεσιν·
1473 2875 1502 2941 εἰ
1516 2878 1552 2942 δὲ

215 2983 298 3069 φίλοι
321 2980 466 3047 κάκείνου
489 2987 543 3046 καὶ
565 2994 621 3071 τῆς
643 2981 755 3072 ἀρχῆς,
779 2983 797 3048 δ
820 3009 853 3066 γε
877 2987 965 3072 φίλος
986 2984 1052 3054 ἴσος
1074 2987 1129 3047 καὶ
1150 2982 1265 3069 ὅμοιος,
1288 2981 1358 3047 ὥστ’
1383 2981 1411 3047 εἰ
1428 2986 1553 3055 cebron<

218 3087 316 3152 οἴεται
338 3089 402 3153 δεῖν
426 3088 545 3174 ἄρχειν,
569 3092 639 3160 τοὺς
659 3091 745 3161 ἴσους
767 3097 821 3156 οιαὶ
844 3090 968 3177 ὁμοίους
990 3090 1098 3176 ἄρχειν
1122 3090 1217 3154 οἴεται
1241 3091 1303 3153 δεῖν
1326 3087 1449 3176 ὁμοίως.

328 3195 530 3261 Aristoteles
553 3197 608 3276 qui
632 3207 802 3278 praestare
825 3207 936 3262 censet
957 3199 1137 3278 complures
1155 3196 1300 3261 homines
1319 3197 1551 3278 rempublicam

215 3299 449 3366 administrare
476 3321 571 3383 qnam
590 3320 699 3382 unum,-
717 3304 775 3367 boc
798 3304 866 3368 loco
890 3323 984 3385 reges
1009 3304 1095 3384 ipsos
1119 3303 1198 3368 illud
1222 3304 1454 3383 quodammodo
1478 3324 1549 3370 con-

217 3405 305 3471 fiteri
335 3414 459 3484 monet,
496 3423 568 3473 cum
603 3408 690 3474 viros
724 3411 920 3475 excellentes
957 3429 1021 3475 nna
1055 3429 1162 3476 secum
1193 3428 1331 3492 regnare
1359 3409 1496 3476 iubeant·
1519 3416 1553 3477 et

218 3514 340 3578 multos
363 3515 475 3580 oculos
497 3523 532 3578 et
555 3534 652 3582 sures
676 3523 710 3582 et
734 3535 846 3581 manns
870 3526 904 3582 et
928 3518 1024 3598 pedes
1054 3518 1115 3582 sibi
1141 3525 1273 3598 parent,
1306 3516 1423 3596 quibus
1454 3518 1552 3583 nomi-

218 3619 315 3684 nibus
340 3639 376 3686 re
401 3640 481 3687 vers
506 3605 678 3686 Persarum
695 3683 697 3687 f
713 3642 806 3704 reges
841 3643 917 3688 usos
950 3643 1023 3688 esse
1057 3624 1245 3689 Herodotus
1275 3625 1303 3710 (Ι
1329 3625 1405 3704 114)
1436 3631 1554 3691 auctor

216 3736 276 3792 est.
336 3727 377 3792 In
412 3729 473 3792 hnc
509 3747 609 3794 causa
644 3731 834 3810 exponenda
870 3730 1066 3795 Aristoteles
1101 3732 1149 3795 ita
1184 3730 1409 3812 progreditur:
1444 3731 1553 3814 Regni
1655 3796 1659 3803 .

216 3833 322 3898 socios
359 3833 621 3904 illosemicos
654 3855 726 3903 esse
763 3837 851 3917 regis
885 3844 1052 3918 oportere;
1090 3857 1162 3902 narn
1198 3837 1226 3900 si
1266 3856 1328 3902 non
1366 3837 1450 3920 siut,
1487 3857 1553 3903 non

217 3946 357 4010 acturos
375 3959 449 4006 esse
472 3961 527 4006 eos
551 3945 725 4009 secundnm
748 3944 834 4026 regis
852 3943 1051 4009 voluntatem
1071 3951 1105 4009 et
1119 3945 1294 4025 pericnlum
1314 3945 1383 4009 fnre
1402 3951 1436 4008 nt
1448 3949 1552 4010 totum

216 4048 298 4113 illud
324 4048 515 4115 institutum
539 4051 736 4128 collabatur;
762 4051 851 4130 aiqni
878 4052 1063 4126 amicitiam,
1090 4051 1153 4116 nisi
1170 4052 1292 4116 similes
1309 4051 1378 4115 sint
1395 4051 1550 4130 homines,

217 4173 291 4220 esse
316 4175 378 4220 nim
406 4174 515 4237 posse5
539 4176 647 4238 regern
664 4177 758 4239 *erge
784 4178 854 4222 curn
879 4158 951 4221 illos
978 4157 1064 4220 viros
1088 4159 1260 4233 adsciscat,
1283 4158 1386 4239 ipsum
1404 4158 1553 4224 confiteri

148 4253 149 4256 '
219 4281 331 4326 omnes
356 4261 480 4327 similes
504 4262 657 4328 similiter
680 4263 855 4346 participes
872 4284 943 4329 esse
960 4266 1077 4329 debere
1092 4265 1324 4344 gubernandae
1341 4264 1550 4346 reipublicae.

216 4367 307 4433 Huic
329 4369 568 4434 sententiarum
592 4371 697 4435 ordini
722 4371 829 4452 inepte
853 4372 1033 4436 intervenit
1056 4371 1221 4436 sententis
1244 4375 1315 4442 τοὺς
1338 4376 1397 4456 γάρ
1413 4382 1449 4456 πρ
1466 4370 1551 4458 ἀρχῇ

216 4479 271 4539 καὶ
294 4471 387 4540 αὑτοῦ
409 4475 519 4564 φιλους
541 4486 697 4546 ποιοῦνται
720 4482 900 4562 συνάρχους,
926 4497 989 4556 qna
1013 4477 1094 4541 nibil
1118 4477 1205 4540 aliud
1223 4477 1470 4542 demonstratur
1487 4477 1551 4542 nisi

217 4583 303 4664 quod
316 4583 428 4650 verbis
444 4603 526 4675 quac
539 4584 633 4667 paulo
647 4592 721 4668 post
731 4595 913 4681 sequuntur
924 4590 979 4672 (μὴ
991 4588 1074 4673 φίλοι
1088 4583 1141 4650 οὖν
1151 4585 1235 4655 ὄντες
1250 4590 1341 4666 seqq)
1350 4584 1546 4651 declaretur.
