3322 5086
128 288 131 295 ἱ
188 311 254 381 206
736 307 896 369 Franciscus
915 307 975 370 Bell

188 517 365 597 agebatur,
385 519 423 580 ut
445 492 481 578 iu
504 510 623 577 indicio
647 509 777 576 ordines
794 518 828 578 et
850 511 1012 578 factiones
1035 510 1075 575 de
1099 528 1226 576 summa
1249 518 1368 577 rerum-
1383 512 1474 581 inter
1497 532 1534 580 se

189 626 366 687 certarent.
413 621 452 686 L.
480 616 655 704 Quinctius
679 617 763 682 enim
796 620 953 685 tribunus
979 616 1102 697 plebis,
1136 636 1199 683 uon
1225 617 1304 699 quia
1327 619 1534 700 Oppianicus

188 729 346 795 innocens
370 728 543 792 damnatus
568 743 627 788 nec
651 724 728 806 quia
751 726 822 809 ipse
845 725 878 791 in
903 706 1156 790 iudicio'victus
1181 725 1319 807 esset,¹)
1343 731 1380 789 ut
1403 725 1438 790 iu
1461 745 1534 792 con·
1614 755 1618 762 ·

189 836 335 901 tionibus
359 831 527 899 seditiosis
551 830 771 898 multitudiuis
790 831 891 898 animi
915 829 1074 896 acerrimo
1100 833 1133 896 in
1157 831 1240 898 illud
1263 831 1420 898 iudicium
1444 832 1534 897 Iuni·

188 962 287 1008 anum
312 940 384 1005 odio
408 946 507 1018 atque
531 937 581 1002 ira
605 937 865 1022 incenderentur,
890 944 927 1004 ut
949 937 1088 1018 improbi
1120 957 1159 1003 ac
1193 938 1369 1005 nummarii
1406 938 1534 1005 indices

188 1056 247 1114 ant
269 1065 402 1114 causam
425 1043 573 1109 dicerent
596 1056 655 1110 aut
677 1051 791 1127 postea
814 1043 972 1111 censoriis
1001 1044 1300 1126 subscriptionibus
1323 1051 1530 1125 notarentur,

188 1155 329 1236 denique
353 1156 391 1218 ut
419 1150 522 1232 ipsius
553 1159 686 1217 senatus
710 1153 743 1217 in
767 1154 827 1218 hoc
858 1149 1014 1216 iudicium
1037 1151 1204 1216 decretum
1228 1151 1373 1234 fieret,')
1405 1170 1532 1219 summo

188 1261 298 1328 studio
323 1259 505 1325 nitebatur:
530 1259 587 1323 sed
611 1259 715 1324 omnis
739 1259 798 1324 illa
820 1257 997 1323 concitatio
1021 1257 1137 1338 plebis,
1163 1258 1371 1340 optimatium
1389 1259 1532 1339 vexatio,

160 1411 162 1415 -
188 1387 285 1451 quam
309 1365 424 1433 Oicero
454 1366 631 1456 praeclare
652 1363 911 1447 adumbravit,⁸)
942 1384 963 1429 a
987 1363 1198 1446 popularibus
1223 1383 1261 1430 eo
1292 1366 1431 1432 consilio
1461 1386 1534 1451 age

168 1469 311 1552 -bat'nr,
337 1482 375 1539 ut
396 1473 475 1538 ordo
499 1473 683 1539 senatorius
708 1493 750 1539 ex
777 1471 909 1538 indiciis
933 1478 1121 1538 moveretur
1143 1476 1243 1553 atque
1265 1471 1316 1538 ita
1344 1472 1533 1539 firmissimo

119 1577 122 1584 ’
189 1580 400 1648 auctoritatis
424 1579 585 1645 columine
601 1578 800 1660 privaretur.
840 1580 909 1644 Iam
933 1577 1042 1643 minus
1065 1571 1199 1660 probari
1216 1579 1335 1660 populo
1356 1589 1534 1662 coeperant

188 1688 311 1755 iudicia
340 1687 508 1754 senatoria
539 1690 572 1768 (ξ
596 1688 667 1766 77);
711 1696 778 1751 tum
811 1704 890 1752 vcro
920 1691 955 1750 et
986 1685 1068 1750 illud
1102 1685 1260 1750 iudicium
1289 1685 1466 1752 Iunianum
1497 1692 1532 1753 et

189 1795 302 1879 paucis
319 1794 485 1861 mensibus
501 1799 575 1874 post
597 1791 734 1857 alterius
750 1790 864 1856 iudicii
886 1791 1028 1870 tabellae
1044 1789 1170 1857 nefarie
1186 1791 1365 1858 ᾱίεοοΙοιοε
1387 1791 1533 1877 factast)
1582 1837 1584 1841 -

189 1900 520 1970 vehementissimam¹
534 1898 678 1966 invidiae
702 1903 930 1980 tempestatem
946 1897 982 1963 in
1004 1897 1128 1964 iudicia
1150 1899 1319 1965 senatoria
1333 1899 1542 1967 conflabant·

189 2008 254 2076 (lui
277 2007 428 2089 quamvis
452 2007 491 2075 L.
520 2005 697 2090 Quinctius
730 2006 823 2070 homo
846 2004 1015 2086 popularis
1038 2010 1073 2070 et
1095 2006 1215 2084 audax,
1239 2005 1402 2088 quiillnd
1424 2005 1534 2073 incen-

189 2115 278 2181 dium
302 2114 521 2192 excitaverat,
554 2112 618 2177 iam
651 2111 769 2177 dudum
801 2110 998 2193 magistratu
1022 2130 1094 2178 sese
1125 2112 1329 2188 abdicasset,
1361 2117 1535 2179 senatores

189 2239 287 2304 porro
302 2219 468 2286 resistere
492 2237 555 2285 non
578 2224 738 2301 poterant.
781 2217 859 2302 'Quo
883 2216 1096 2297 factumest,
1129 2221 1176 2286 ut'
1189 2220 1262 2304 lege
1285 2219 1534 2293 Aureliaiudi·

189 2327 294 2394 ciaria
314 2327 346 2393 a.
365 2327 408 2392 70
425 2346 452 2392 a.
470 2324 560 2392 0er
573 2325 695 2392 indicia
717 2325 823 2391 tribus
845 2325 1016 2390 ordinibus
1039 2331 1245 2407 senatorum,
1257 2326 1415 2408 equitum,
1429 2326 1544 2393 tribu-2

188 2452 304 2500 norum
328 2431 530 2499 aerariorum
561 2433 779 2498 traderentur.
830 2430 904 2517 Quo
934 2438 1082 2515 tempore
1112 2433 1198 2499 idem
1221 2433 1533 2501 Cicero-vehemen-

189 2540 319 2607 tissime
341 2539 376 2604 in
400 2539 521 2604 iudicia
544 2539 711 2605 senatoria
735 2537 885 2607 invectus
909 2546 961 2604 est
984 2540 1083 2606 etad
1107 2546 1267 2626 quantam
1290 2542 1534 2622 corruptionem

188 2646 347 2714 nobilitas
367 2665 543 2729 progressa
557 2653 656 2724 esset,
680 2646 715 2711 in
733 2646 885 2714 Verriuis
901 2647 1152 2715 demonstravit.
1161 2647 1187 2732 ⁵)
1224 2647 1291 2715 Sed
1305 2647 1363 2713 illo
1387 2655 1534 2730 tempora

188 2753 278 2822 mam
294 2752 360 2819 sibi
382 2752 551 2819 muniebat
567 2754 607 2819 ad
632 2770 772 2819 summos
796 2753 997 2835 reipublicae
1020 2756 1169 2832 honores,
1194 2753 1395 2836 primumad
1418 2755 1532 2823 aedili·

189 2867 292 2929 tatem
311 2861 471 2940 curulem;
497 2879 592 2941 quam
617 2867 655 2927 ut
677 2859 787 2943 populi
810 2860 931 2926 studiis
954 2861 1085 2927 facilius
1108 2861 1359 2944 adipisceretur,
1377 2863 1532 2946 Pompeio

129 2953 131 2958 ’
190 2966 224 3034 et
247 2967 370 3036 Crasso
393 2985 466 3033 sese
488 2951 640 3033 adiunxit
664 2973 699 3032 et
721 2966 880 3034 acerrime
904 2967 1055 3034 invectus
1079 2968 1189 3035 estin
1212 2975 1393 3036 senatores.
1403 2970 1429 3054 ⁸)

303 3075 457 3142 Ceterum
474 3094 514 3140 ex
531 3093 592 3157 quo
608 3073 644 3141 O.
664 3073 834 3141 Gracchus
850 3079 888 3141 ut
911 3075 1038 3156 equites
1054 3095 1075 3141 a
1090 3081 1279 3143 senatorum
1303 3076 1534 3144 coniunctione

191 3189 388 3260 secerneret,
414 3182 456 3247 iis
481 3181 602 3248 iudicia
617 3180 715 3261 dedit,
740 3182 918 3248 nonnullae
942 3183 1031 3266 leges
1055 3181 1249 3249 iudiciariae
1274 3190 1408 3268 rogatae
1423 3192 1531 3261 erant„

130 3323 133 3329 ·
189 3308 274 3372 qnae
297 3296 446 3355 senatum
470 3296 505 3354 et
527 3288 653 3370 equites
677 3307 741 3354 una
763 3289 996 3356 iudicationem
1020 3309 1174 3356 exercere
1196 3289 1357 3356 iuberent.
1399 3288 1532 3375 Quoia

188 3416 309 3478 genere
333 3396 490 3478 imprimis
515 3395 567 3460 lex
591 3393 690 3462 Livia
712 3395 885 3462 iudiciaria
909 3390 1110 3462 nominanda
1128 3401 1195 3478 est,
1219 3416 1317 3478 quam
1341 3397 1388 3463 M.
1413 3396 1532 3465 Livius

188 3505 321 3572 Drusus
353 3505 506 3569 tribunus
536 3503 640 3585 plebis
671 3523 700 3567 a.
726 3506 765 3568 91
792 3523 821 3569 a.
848 3503 925 3570 Chr.
959 3503 1088 3587 tulitzl)
1121 3510 1285 3570 trecentos
1317 3503 1445 3584 equites
1469 3505 1531 3571 Ro·

189 3609 364 3678 manos'in
393 3618 543 3677 senatum
572 3629 645 3677 esse
673 3610 825 3689 legendos
857 3618 956 3691 atque
985 3629 1026 3675 ex
1056 3612 1115 3676 hoc
1144 3617 1264 3678 senatu
1294 3619 1391 3678 aucto
1421 3612 1531 3688 album

300 3789 321 3860 ¹)
339 3792 355 3858 ξ
369 3790 434 3842 111;
453 3789 477 3842 is
495 3790 571 3858 quasi
589 3807 642 3843 non
659 3791 730 3842 esset
749 3788 804 3842 ullo
817 3789 895 3842 modo
908 3789 1045 3842 ferendum
1058 3805 1087 3842 se
1100 3790 1126 3842 in
1140 3789 1237 3844 iudicio
1251 3790 1407 3845 discessisse
1420 3791 1532 3857 victum,

189 3894 247 3932 rem
265 3895 283 3933 a
299 3876 434 3932 subselliis
452 3879 486 3931 ad
504 3882 590 3932 rostra
608 3876 711 3932 detulit.
1341 3935 1345 3942 ,

298 3967 500 4037 ¹)quamquam
526 3973 660 4021 senatores
684 3969 759 4022 tarde
787 3971 867 4038 abque
896 3969 929 4022 ad
953 3969 1071 4038 speeiem
1097 3971 1202 4023 tantum
1227 3969 1298 4024 hauc
1323 3963 1380 4023 rem
1403 3958 1531 4040 apellant:

189 4057 255 4111 vide
274 4059 289 4126 5
309 4056 368 4111 136.

297 4146 320 4215 ³)
339 4148 355 4214 ξ
372 4146 422 4199 93;
441 4146 600 4213 „accusabat
618 4146 739 4199 tribunus
757 4146 843 4215 plebis
861 4147 934 4200 idem
953 4148 978 4198 in
998 4148 1172 4216 contionibus,
1191 4148 1264 4201 idem
1282 4149 1317 4203 ad
1335 4147 1478 4217 subsellia3
1497 4150 1531 4203 ad

189 4236 318 4289 indicium
336 4251 389 4288 nou
407 4236 485 4288 modo
504 4236 537 4287 de
556 4236 684 4303 contione,
703 4236 850 4289 sedetiam
869 4237 1008 4305 cumipse
1027 4238 1147 4291 contione
1166 4238 1308 4293 veniebat“
1327 4242 1378 4292 etc.

298 4324 320 4395 ⁴)
338 4327 353 4394 ς
376 4324 433 4379 130.
455 4325 521 4391 131;
540 4325 592 4379 div.
613 4325 639 4377 in
658 4323 733 4379 Caec.
753 4325 802 4391 24,
821 4329 872 4379 act.
892 4326 913 4393 I,
933 4328 948 4395 §
966 4326 1018 4394 403
1038 4327 1070 4395 V,
1090 4327 1107 4396 ᾖ
1128 4327 1188 4382 173.
1266 4319 1268 4322 ’

297 4413 320 4482 ⁸)
339 4414 366 4479 in
384 4414 460 4468 Verr.
481 4417 531 4467 act.
551 4414 571 4480 1,
591 4417 606 4482 ᾗ
626 4414 668 4468 15.
687 4413 730 4468 38.

298 4503 322 4571 ⁶)
343 4505 490 4572 Drumann,
509 4503 566 4557 ne.
587 4504 619 4570 V,
639 4503 691 4556 263
711 4519 749 4571 sq.

299 4592 321 4660 ²)
342 4593 439 4663 Lange,
459 4593 489 4648 R
510 4595 542 4647 Α.
561 4592 624 4646 III'
641 4593 684 4648 97.
