3324 5078
219 316 283 381 104
724 310 860 366 Hermann
879 311 1039 364 Widemaun

218 521 270 576 τοῦ
295 507 463 575 σπουδαίου
487 508 611 570 πολίτου
635 507 680 569 δεῖ
704 518 794 572 πᾶσιν
815 504 964 592 ὑπάρχειν
992 503 1082 586 (οὑτω
1105 510 1163 589 γὰρ
1191 505 1358 593 ἀρίστην
1382 507 1551 589 ἀναγκαῖον

216 617 293 682 εἶναι
317 621 370 702 την
394 617 506 691 πόλιν),
532 617 585 698 την
608 614 642 675 δὲ
666 624 718 678 τοῦ
742 614 853 700 ἀνδρὸς
876 624 927 676 του
958 612 1080 692 ἀγαθοῦ
1113 611 1273 688 άδὺνατυν,
1304 612 1331 677 εἰ
1360 619 1403 700 μὴ
1430 621 1552 686 Ιπάντας

217 723 384 804 ἀναγκαῖον
409 719 549 801 ἀγαθοὺς
573 718 650 784 εἶναι
673 723 742 790 τοὺς
765 720 796 784 ἐν
822 731 858 804 τη
882 719 1035 802 σπουδαίη
1060 704 1145 784 πόλει
1169 721 1305 789 πολίτας.

307 829 381 892 Huc
404 826 437 890 in
462 826 626 891 sententia
651 829 751 892 verba
774 825 880 910 ἐπειδη
912 827 1060 890 ὰδὺνατον
1091 825 1214 911 ὁμοίους
1238 825 1317 891 εἶναι
1340 831 1460 898 πάντας
1482 832 1553 898 τοὺς

217 933 346 1005 πολίτας
369 931 570 998 incommoda
593 951 674 1010 esse,
701 950 809 1009 nemo,
839 930 963 1012 opinor,
991 931 1045 1012 qui
1071 933 1165 1011 paulo
1197 933 1360 997 attentius
1384 951 1452 997 rem
1477 953 1552 999 ‹eon-

217 1041 424 1118 sideraverit,
450 1039 573 1104 infitias
598 1038 667 1104 ibit.
714 1039 831 1119 Neque
861 1037 948 1103 enim
979 1037 1020 1102 iis
1051 1037 1141 1118 prior
1168 1056 1269 1103 causa
1292 1037 1403 1104 verbis
1439 1037 1467 1103 εί
1493 1044 1554 1124 γὰρ

218 1148 368 1214 ἀδόνατον
391 1185 436 1194 -
460 1145 572 1234 ἀρετης
595 1163 750 1227 expressa
781 1144 1006 1222 confirmatur,
1045 1163 1147 1224 neque
1181 1144 1210 1209 si
1246 1145 1394 1210 alteram
1420 1164 1552 1210 causam

221 1253 422 1322 Aristoteles
446 1252 565 1316 addere
589 1250 757 1328 voluisset,
782 1271 840 1316 cur
864 1270 926 1316 non
952 1251 1063 1315 eadem
1087 1250 1300 1331 particulari
1325 1270 1404 1316 usus
1427 1251 1481 1329 sit,
1507 1252 1550 1316 in·

217 1359 396 1443 tellegitur.
434 1357 651 1442 Quamobrem
668 1358 835 1422 Thnrotns
858 1356 889 1420 in
909 1355 1122 1422 Politicorum
1139 1363 1173 1421 et
1192 1357 1379 1424 Ethicorum
1397 1358 1551 1430 editione.

218 1485 302 1549 quae
325 1464 468 1531 Parisiis
492 1482 576 1529 anno
603 1466 687 1530 1823
710 1463 851 1545 prodiit,
876 1471 913 1528 ut
936 1463 1162 1529 difficultatem
1188 1465 1334 1542 tolleret,
1365 1464 1424 1530 illa
1452 1467 1554 1531 verba

219 1574 340 1640 omissa
362 1570 525 1654 particula
552 1572 586 1634 δὲ
615 1576 692 1635 ante
724 1572 776 1635 δεῖ·
792 1572 819 1634 δ’
844 1570 972 1635 ἕκαστον
996 1608 1039 1617 -
1063 1570 1175 1660 ἀρετης
1204 1573 1417 1654 transposuit.
1467 1573 1554 1638 Mihi

219 1680 350 1761 quidem
373 1696 437 1743 non
461 1676 618 1759 contigit,
655 1682 693 1741 ut
722 1675 793 1758 ipse
821 1676 914 1742 illum
946 1675 1066 1742 librum
1100 1679 1308 1760 inspicerem,
1344 1679 1554 1751 existimasse

219 1792 328 1852 autem
352 1783 485 1869 videtur
508 1781 560 1850 vir
583 1781 788 1848 doctissimus
812 1782 978 1865 pertinere
1001 1783 1059 1848 illa
1082 1786 1182 1850 verba
1205 1787 1248 1850 ad
1272 1785 1299 1850 εί
1321 1789 1380 1870 γὰρ
1404 1783 1553 1852 &durator
1576 1825 1577 1828 =

218 1930 262 1940 -
285 1892 384 1969 πόλιν,
420 1887 512 1955 cuius
547 1888 731 1954 sententiae
763 1889 923 1956 rationem
954 1889 1119 1958 afferrent.
1164 1893 1207 1957 At
1238 1911 1303 1958 non
1332 1891 1418 1958 ratio
1454 1891 1554 1959 istius

218 1995 405 2064 sententiae
427 1995 490 2074 his,
515 1997 554 2060 de
584 1995 700 2077 quibus
728 1995 850 2078 agitur,
887 1996 998 2062 verbis
1030 1997 1175 2078 affertur,
1212 1999 1270 2064 sed
1299 2017 1436 2081 prorsus
1468 2017 1554 2066 nova

219 2101 386 2170 sententia
409 2101 610 2184 proponitur,
644 2121 725 2184 qnae
757 2104 798 2168 ab
819 2102 984 2184 ,hominum
1021 2103 1238 2185 proficiscitur
1273 2103 1552 2170 dissimilitudine.

217 2211 317 2276 Hanc
351 2213 461 2275 autem
496 2208 631 2274 eandem
666 2228 734 2274 rem
768 2208 978 2290 philosophus
1016 2209 1088 2276 fuse
1127 2216 1311 2292 pertractat
1347 2213 1554 2294 paragrapho
1602 2264 1605 2269 ,

219 2321 349 2397 quarta,
373 2334 469 2396 qnam
493 2315 522 2381 si
545 2314 722 2381 contuleris
745 2335 817 2381 cum
840 2315 907 2380 illis
932 2316 1057 2395 verbis,
1083 2318 1209 2399 plenam
1234 2317 1554 2400 argumentationem

219 2423 253 2488 in
277 2441 381 2505 pauca
404 2424 506 2490 verba
529 2441 601 2488 esse
624 2421 801 2487 conlectam
825 2421 1006 2506 intelleges.
1055 2423 1148 2508 Quae
1171 2443 1242 2490 crim
1268 2424 1317 2489 ita
1340 2424 1427 2501 sint,
1451 2427 1555 2490 verba

219 2527 325 2616 ἐπειδὴ
350 2526 500 2593 όιδὺνατον
532 2527 656 2616 ὁμοίους
685 2527 763 2595 εἶναι
796 2534 916 2601 πάντας
948 2533 1019 2601 τοὺς
1052 2534 1181 2602 πολίτας
1215 2530 1354 2612 primurn
1388 2537 1555 2612 tamquam

219 2633 430 2700 summarium
454 2634 543 2699 illius
567 2635 764 2721 paragraphi
793 2637 827 2701 in
859 2639 1006 2718 margine
1033 2636 1176 2714 adiecta,
1213 2637 1329 2703 deinde
1362 2657 1383 2702 a
1416 2637 1554 2704 librario

220 2741 416 2822 nescioquo
441 2741 475 2806 in
500 2742 679 2807 orationem
704 2749 929 2824 receptaesse
962 2743 1084 2809 conicio
1119 2743 1216 2824 idque
1250 2743 1333 2810 falso
1366 2744 1452 2822 looo;
1490 2763 1554 2810 non

221 2847 324 2932 igitur
348 2868 386 2914 ea
410 2849 661 2933 transponenda,
685 2849 741 2915 sed
764 2850 912 2916 eicienda
935 2869 1006 2916 esse
1029 2869 1155 2917 censeo.

328 3061 425 3128 Pons.
451 3064 510 3129 111
534 3066 553 3128 e
578 3065 674 3149 (nnn.
703 3065 757 3150 14)
780 3085 810 3147 p.
839 3066 937 3132 rnen
965 3067 1003 3131 13
1020 3083 1088 3146 sqq.

330 3185 370 3263 Οἱ
394 3191 450 3274 μὲν
474 3185 526 3251 οὑν
550 3187 712 3276 (βασιλεῖς)
738 3187 867 3254 ἐπὶτῶν
893 3188 1031 3276 ἀρχαίων
1055 3196 1173 3276 χρόνων
1207 3195 1262 3255 καί
1292 3195 1331 3255 τὰ
1360 3196 1443 3256 κατὰ
1466 3199 1555 3256 πόλιν

217 3299 333 3361 καὶτὰ
356 3294 476 3382 ἔνδημα
498 3299 552 3359 καὶ
575 3298 613 3358 τὰ
636 3291 782 3379 ὑπερόρια
806 3308 943 3383 συνεχῶς
965 3296 1072 3384 ἦρχον.

330 3401 403 3467 Hoc
426 3401 496 3480 loco
521 3403 602 3481 quod
627 3406 665 3465 τὰ
688 3401 806 3490 ἔνδημα
842 3409 876 3467 et
910 3407 948 3467 τὰ
981 3400 1139 3488 ὑπερόρια,
1174 3412 1227 3468 res
1261 3404 1412 3483 internae
1446 3411 1480 3470 et
1504 3425 1555 3470 ex·

219 3516 349 3587 ternae,
378 3507 467 3572 inter
498 3526 533 3572 se
557 3515 779 3590 opponuntur,
819 3508 900 3573 nihil
929 3508 1133 3575 difficultatis
1161 3511 1279 3589 habet3
1316 3510 1434 3577 similis
1469 3512 1553 3577 enim

219 3614 403 3682 coniunctio
428 3599 596 3681 invenitur
626 3614 660 3680 in
684 3615 1030 3682 Pseudo-Aristotelis
1061 3617 1144 3682 libro
1173 3622 1243 3703 περὶ
1266 3623 1383 3706 κόσμου
1407 3637 1476 3700 cap.
1495 3621 1555 3687 ‘VI

218 3708 381 3805 (p.1399¹‘
404 3724 424 3788 8
450 3723 582 3804 Bekk.):
618 3722 782 3810 ἔνδημοι
817 3722 1007 3807 πράξεις-
1032 3721 1241 3809 ὑπερόριος
1276 3727 1426 3811 πόλεμος,
1463 3732 1497 3791 et
1519 3726 1554 3791 in

218 3829 289 3911 lege
314 3827 429 3893 Attica
453 3829 494 3892 ab
519 3827 683 3893 Aeschine
707 3829 758 3892 vel
783 3831 824 3892 ab
849 3828 920 3894 eins
944 3828 1125 3911 interprete
1156 3829 1370 3903 irroratione
1394 3831 1555 3899 adversus

217 3935 427 4000 Timarchum
451 3953 477 4000 c.
504 3937 542 4000 21
570 3935 688 4001 allata:
721 3937 799 4023 μηδὲ
832 3935 953 4021 ἀρξάτω
987 3935 1089 4024 ἀρχὴν
1114 3939 1266 4025 μηδεμίαν
1292 3940 1361 4025 μητ’
1385 3938 1556 4026 ἔνδημον

218 4042 294 4128 μηδ’
321 4038 543 4126 ὑπερόριον,
570 4047 604 4106 et
626 4040 658 4106 in
685 4027 914 4124 Xenophontis
939 4046 1029 4108 anab.
1052 4045 1122 4112 Vll
1149 4047 1256 4124 1,27;
1281 4046 1432 4129 προσόδου
1458 4044 1555 4135 υὺσης

218 4147 279 4214 ἀπὸ
303 4161 361 4212 τῶν
393 4146 574 4236 ἐνδημιον
609 4153 663 4213 καί
697 4148 732 4213 ἐτι
767 4161 821 4238 της
855 4147 1083 4236 ὑπερορίας.
1135 4152 1255 4220 Verum
1291 4153 1375 4233 quod
1406 4158 1445 4217 τὰ
1474 4159 1556 4219 κατὰ

218 4258 306 4319 πόλιν
330 4255 498 4320 contraria
522 4256 573 4319 vel
597 4255 696 4320 etiam
719 4255 811 4322 iuxta
836 4264 1001 4338 ponuntur
1025 4270 1089 4328 τοῖς
1112 4257 1264 4345 ἐνδημοις,
1288 4259 1386 4325 facile
1410 4259 1553 4340 aliquem

217 4360 382 4427 offendere
406 4362 511 4442 possit
534 4368 631 4444 atque
654 4363 733 4426 adeo
758 4363 804 4428 St.
821 4364 998 4442 Hilarium,
1025 4365 1133 4431 virum
1157 4365 1434 4445 illustrissimum,
1461 4386 1553 4447 quem

187 4487 189 4491 ’
217 4465 434 4534 Susemihlius
459 4488 583 4550 quoque
600 4475 732 4534 secutus
748 4475 799 4534 est
816 4469 848 4534 in
866 4471 973 4536 altera
990 4471 1152 4552 tertiaque
1170 4471 1378 4538 Politicorum
1404 4473 1553 4538 editioni-

217 4576 286 4652 bus
305 4577 448 4654 offendit,
467 4586 504 4641 ut
521 4577 713 4660 particulam
737 4582 791 4643 καὶ
814 4585 893 4643 ante
916 4583 954 4643 τὰ
977 4584 1058 4645 κατὰ
1073 4581 1160 4644 πόλιν
1174 4580 1366 4656 secluderet,
1384 4599 1448 4660 quo
1466 4582 1553 4646 facto
