<?xml version="1.0" encoding="UTF-8"?>
<!DOCTYPE html PUBLIC "-//W3C//DTD XHTML 1.0 Transitional//EN"
    "http://www.w3.org/TR/xhtml1/DTD/xhtml1-transitional.dtd">
<html xmlns="http://www.w3.org/1999/xhtml" xml:lang="en" lang="en">
 <head>
  <title>
</title>
<meta http-equiv="Content-Type" content="text/html;charset=utf-8" />
  <meta name='ocr-system' content='tesseract 3.04.00' />
  <meta name='ocr-capabilities' content='ocr_page ocr_carea ocr_par ocr_line ocrx_word'/>
</head>
<body>
  <div class='ocr_page' id='page_1' title='image "./commentationesp01mngoog_0120.png"; bbox 0 0 3322 5086; ppageno 0'>
   <div class='ocr_carea' id='block_1_1' title="bbox 500 314 1450 398">
    <p class='ocr_par' dir='ltr' id='par_1_1' title="bbox 500 314 1450 398">
     <span class='ocr_line' id='line_1_1' title="bbox 500 314 1450 398; baseline 0.004 -29"><span class='ocrx_word' id='word_1_1' title='bbox 500 315 586 370; x_wconf 76' lang='lat' dir='ltr'><strong>Curae</strong></span> <span class='ocrx_word' id='word_1_2' title='bbox 604 315 710 369; x_wconf 82' lang='lat' dir='ltr'><strong>criticae</strong></span> <span class='ocrx_word' id='word_1_3' title='bbox 729 317 757 365; x_wconf 92' lang='lat' dir='ltr'><strong>in</strong></span> <span class='ocrx_word' id='word_1_4' title='bbox 777 314 928 398; x_wconf 68' lang='lat' dir='ltr'><strong>Aristotelis</strong></span> <span class='ocrx_word' id='word_1_5' title='bbox 946 314 1066 368; x_wconf 83' lang='lat' dir='ltr'><strong>Politica.</strong></span> <span class='ocrx_word' id='word_1_6' title='bbox 1390 314 1450 381; x_wconf 83' lang='grc'><strong>111</strong></span> 
     </span>
    </p>
   </div>
   <div class='ocr_carea' id='block_1_2' title="bbox 101 505 1495 4009">
    <p class='ocr_par' dir='ltr' id='par_1_2' title="bbox 101 505 1472 2940">
     <span class='ocr_line' id='line_1_2' title="bbox 121 505 1457 596; baseline -0.002 -18"><span class='ocrx_word' id='word_1_7' title='bbox 121 514 358 596; x_wconf 84' lang='grc' dir='ltr'>προσαγορεὺειν</span> <span class='ocrx_word' id='word_1_8' title='bbox 383 505 627 596; x_wconf 75' lang='grc' dir='ltr'>ἀρίστοκρατίαν.</span> <span class='ocrx_word' id='word_1_9' title='bbox 677 561 761 574; x_wconf 92' lang='grc'><strong>....</strong></span> <span class='ocrx_word' id='word_1_10' title='bbox 787 507 822 573; x_wconf 79' lang='lat' dir='ltr'><strong>od</strong></span> <span class='ocrx_word' id='word_1_11' title='bbox 854 514 914 596; x_wconf 78' lang='grc' dir='ltr'><strong>μὴν</strong></span> <span class='ocrx_word' id='word_1_12' title='bbox 938 509 1008 575; x_wconf 77' lang='grc' dir='ltr'>ἀλλ’</span> <span class='ocrx_word' id='word_1_13' title='bbox 1034 510 1091 576; x_wconf 77' lang='grc' dir='ltr'>εἰσί</span> <span class='ocrx_word' id='word_1_14' title='bbox 1115 536 1193 585; x_wconf 88' lang='grc' dir='ltr'>τινες</span> <span class='ocrx_word' id='word_1_15' title='bbox 1221 513 1273 596; x_wconf 84' lang='lat' dir='ltr'><strong>[sc.</strong></span> <span class='ocrx_word' id='word_1_16' title='bbox 1299 515 1457 596; x_wconf 87' lang='grc' dir='ltr'>πολιτεῖαι]</span> 
     </span>
     <span class='ocr_line' id='line_1_3' title="bbox 120 617 1457 704; baseline 0.001 -23"><span class='ocrx_word' id='word_1_17' title='bbox 120 621 154 682; x_wconf 82' lang='grc' dir='ltr'><strong>αἲ</strong></span> <span class='ocrx_word' id='word_1_18' title='bbox 177 625 253 702; x_wconf 87' lang='grc' dir='ltr'>πρός</span> <span class='ocrx_word' id='word_1_19' title='bbox 275 642 306 681; x_wconf 88' lang='grc' dir='ltr'><strong>τε</strong></span> <span class='ocrx_word' id='word_1_20' title='bbox 331 623 386 691; x_wconf 88' lang='grc' dir='ltr'>τὰς</span> <span class='ocrx_word' id='word_1_21' title='bbox 409 617 674 702; x_wconf 73' lang='grc' dir='ltr'>ὀλιγαρχουμένας</span> <span class='ocrx_word' id='word_1_22' title='bbox 697 617 978 704; x_wconf 80' lang='grc' dir='ltr'>ἔχουσιδιαροράς</span> <span class='ocrx_word' id='word_1_23' title='bbox 997 672 1001 680; x_wconf 96' lang='grc'>.</span> <span class='ocrx_word' id='word_1_24' title='bbox 1022 669 1027 681; x_wconf 95' lang='grc'><em>.</em></span> <span class='ocrx_word' id='word_1_25' title='bbox 1048 668 1055 682; x_wconf 92' lang='grc'><strong>.</strong></span> <span class='ocrx_word' id='word_1_26' title='bbox 1074 669 1107 682; x_wconf 91' lang='grc'><strong>..</strong></span> <span class='ocrx_word' id='word_1_27' title='bbox 1141 617 1218 681; x_wconf 76' lang='grc' dir='ltr'>ὅπου</span> <span class='ocrx_word' id='word_1_28' title='bbox 1240 641 1274 698; x_wconf 85' lang='grc' dir='ltr'>γε</span> <span class='ocrx_word' id='word_1_29' title='bbox 1299 623 1341 704; x_wconf 80' lang='grc' dir='ltr'><strong>μη</strong></span> <span class='ocrx_word' id='word_1_30' title='bbox 1366 625 1457 700; x_wconf 83' lang='grc' dir='ltr'>μόνον</span> 
     </span>
     <span class='ocr_line' id='line_1_4' title="bbox 119 720 1457 812; baseline 0 -24"><span class='ocrx_word' id='word_1_31' title='bbox 119 726 297 812; x_wconf 79' lang='grc' dir='ltr'>πλουτίνδην</span> <span class='ocrx_word' id='word_1_32' title='bbox 323 725 481 789; x_wconf 81' lang='grc' dir='ltr'>ἀλλὰκαὶ</span> <span class='ocrx_word' id='word_1_33' title='bbox 505 722 677 808; x_wconf 76' lang='grc' dir='ltr'>ἀριστίνδην</span> <span class='ocrx_word' id='word_1_34' title='bbox 702 720 856 806; x_wconf 75' lang='grc' dir='ltr'>αἱροῦνται</span> <span class='ocrx_word' id='word_1_35' title='bbox 881 728 936 796; x_wconf 82' lang='grc' dir='ltr'>τὰς</span> <span class='ocrx_word' id='word_1_36' title='bbox 960 723 1073 809; x_wconf 86' lang='grc' dir='ltr'>ἀρχάς,</span> <span class='ocrx_word' id='word_1_37' title='bbox 1098 721 1176 811; x_wconf 68' lang='grc' dir='ltr'>αὕτη</span> <span class='ocrx_word' id='word_1_38' title='bbox 1199 723 1219 809; x_wconf 79' lang='grc' dir='ltr'>ἡ</span> <span class='ocrx_word' id='word_1_39' title='bbox 1244 728 1457 789; x_wconf 91' lang='grc' dir='ltr'>πολιτεία...</span> 
     </span>
     <span class='ocr_line' id='line_1_5' title="bbox 120 827 1456 916; baseline -0.001 -24"><span class='ocrx_word' id='word_1_40' title='bbox 120 830 355 916; x_wconf 82' lang='grc' dir='ltr'>ἀριστοκρατικὴ</span> <span class='ocrx_word' id='word_1_41' title='bbox 379 834 527 895; x_wconf 77' lang='grc' dir='ltr'>καλεῖται.</span> <span class='ocrx_word' id='word_1_42' title='bbox 568 833 703 912; x_wconf 84' lang='grc' dir='ltr'>καὶγὰρ</span> <span class='ocrx_word' id='word_1_43' title='bbox 728 827 759 891; x_wconf 80' lang='grc' dir='ltr'><strong>ἐν</strong></span> <span class='ocrx_word' id='word_1_44' title='bbox 784 840 851 902; x_wconf 84' lang='grc' dir='ltr'>ταῖς</span> <span class='ocrx_word' id='word_1_45' title='bbox 868 834 910 914; x_wconf 84' lang='grc' dir='ltr'><strong>μη</strong></span> <span class='ocrx_word' id='word_1_46' title='bbox 935 829 1130 914; x_wconf 78' lang='grc' dir='ltr'>ποιουμέναις</span> <span class='ocrx_word' id='word_1_47' title='bbox 1152 835 1257 916; x_wconf 78' lang='grc' dir='ltr'>κοινὴν</span> <span class='ocrx_word' id='word_1_48' title='bbox 1281 830 1456 916; x_wconf 79' lang='grc' dir='ltr'>ἐπιμέλειαν</span> 
     </span>
     <span class='ocr_line' id='line_1_6' title="bbox 120 933 1457 1026; baseline 0.001 -25"><span class='ocrx_word' id='word_1_49' title='bbox 120 937 233 1026; x_wconf 83' lang='grc' dir='ltr'>ἀρετης</span> <span class='ocrx_word' id='word_1_50' title='bbox 266 939 338 1002; x_wconf 80' lang='grc' dir='ltr'>εἰσὶν</span> <span class='ocrx_word' id='word_1_51' title='bbox 370 937 454 1021; x_wconf 82' lang='grc' dir='ltr'>ὅμως</span> <span class='ocrx_word' id='word_1_52' title='bbox 485 941 562 1008; x_wconf 86' lang='grc' dir='ltr'>τινὲς</span> <span class='ocrx_word' id='word_1_53' title='bbox 597 933 625 998; x_wconf 81' lang='grc' dir='ltr'><strong>οἱ</strong></span> <span class='ocrx_word' id='word_1_54' title='bbox 660 934 891 1022; x_wconf 74' lang='grc' dir='ltr'>εὐδοκιμοῦντες</span> <span class='ocrx_word' id='word_1_55' title='bbox 918 942 971 1000; x_wconf 89' lang='grc' dir='ltr'><strong>καὶ</strong></span> <span class='ocrx_word' id='word_1_56' title='bbox 1005 939 1165 1010; x_wconf 77' lang='grc' dir='ltr'>δοκοῦντες</span> <span class='ocrx_word' id='word_1_57' title='bbox 1195 936 1271 999; x_wconf 82' lang='grc' dir='ltr'>εἰναι</span> <span class='ocrx_word' id='word_1_58' title='bbox 1304 937 1457 1010; x_wconf 83' lang='grc' dir='ltr'>ἐπιεικεῖς.</span> 
     </span>
     <span class='ocr_line' id='line_1_7' title="bbox 119 1043 1457 1130; baseline -0.001 -21"><span class='ocrx_word' id='word_1_59' title='bbox 119 1046 194 1130; x_wconf 84' lang='lat' dir='ltr'><strong>Qui,</strong></span> <span class='ocrx_word' id='word_1_60' title='bbox 219 1063 347 1127; x_wconf 87' lang='lat' dir='ltr'><strong>quaeso,</strong></span> <span class='ocrx_word' id='word_1_61' title='bbox 370 1051 448 1107; x_wconf 88' lang='lat' dir='ltr'><strong>sunt</strong></span> <span class='ocrx_word' id='word_1_62' title='bbox 472 1043 520 1106; x_wconf 90' lang='lat' dir='ltr'><strong>illi</strong></span> <span class='ocrx_word' id='word_1_63' title='bbox 544 1053 658 1126; x_wconf 82' lang='grc' dir='ltr'>πρῶτοι</span> <span class='ocrx_word' id='word_1_64' title='bbox 681 1047 774 1124; x_wconf 79' lang='grc' dir='ltr'>λόγοι,</span> <span class='ocrx_word' id='word_1_65' title='bbox 804 1043 845 1106; x_wconf 89' lang='lat' dir='ltr'><strong>ad</strong></span> <span class='ocrx_word' id='word_1_66' title='bbox 877 1061 959 1123; x_wconf 91' lang='lat' dir='ltr'><strong>quos</strong></span> <span class='ocrx_word' id='word_1_67' title='bbox 985 1044 1274 1107; x_wconf 83' lang='lat' dir='ltr'><strong>Aristotelesnos</strong></span> <span class='ocrx_word' id='word_1_68' title='bbox 1307 1045 1457 1124; x_wconf 75' lang='lat' dir='ltr'><strong>relegat?</strong></span> 
     </span>
     <span class='ocr_line' id='line_1_8' title="bbox 120 1148 1472 1229; baseline -0.002 -13"><span class='ocrx_word' id='word_1_69' title='bbox 120 1153 170 1216; x_wconf 88' lang='lat' dir='ltr'><strong>De</strong></span> <span class='ocrx_word' id='word_1_70' title='bbox 194 1148 403 1216; x_wconf 76' lang='lat' dir='ltr'>aristocratia</span> <span class='ocrx_word' id='word_1_71' title='bbox 426 1148 497 1214; x_wconf 88' lang='lat' dir='ltr'><strong>sive</strong></span> <span class='ocrx_word' id='word_1_72' title='bbox 521 1149 780 1229; x_wconf 80' lang='lat' dir='ltr'><strong>eareipnblicae</strong></span> <span class='ocrx_word' id='word_1_73' title='bbox 807 1151 927 1226; x_wconf 81' lang='lat' dir='ltr'><strong>torma,</strong></span> <span class='ocrx_word' id='word_1_74' title='bbox 964 1148 998 1212; x_wconf 92' lang='lat' dir='ltr'><strong>in</strong></span> <span class='ocrx_word' id='word_1_75' title='bbox 1028 1168 1093 1229; x_wconf 88' lang='lat' dir='ltr'><strong>qua</strong></span> <span class='ocrx_word' id='word_1_76' title='bbox 1124 1151 1179 1229; x_wconf 84' lang='lat' dir='ltr'><strong>qui</strong></span> <span class='ocrx_word' id='word_1_77' title='bbox 1212 1148 1336 1215; x_wconf 90' lang='lat' dir='ltr'><strong>virtute</strong></span> <span class='ocrx_word' id='word_1_78' title='bbox 1368 1167 1472 1229; x_wconf 51' lang='lat' dir='ltr'><strong>prae-¹</strong></span> 
     </span>
     <span class='ocr_line' id='line_1_9' title="bbox 120 1255 1457 1339; baseline -0.001 -18"><span class='ocrx_word' id='word_1_79' title='bbox 120 1267 211 1322; x_wconf 85' lang='lat' dir='ltr'><strong>stant</strong></span> <span class='ocrx_word' id='word_1_80' title='bbox 235 1257 382 1321; x_wconf 86' lang='lat' dir='ltr'><strong>civitatis</strong></span> <span class='ocrx_word' id='word_1_81' title='bbox 406 1256 629 1339; x_wconf 83' lang='lat' dir='ltr'><strong>gubernacula</strong></span> <span class='ocrx_word' id='word_1_82' title='bbox 653 1264 803 1330; x_wconf 82' lang='lat' dir='ltr'>teneant,</span> <span class='ocrx_word' id='word_1_83' title='bbox 829 1255 861 1319; x_wconf 92' lang='lat' dir='ltr'><strong>in</strong></span> <span class='ocrx_word' id='word_1_84' title='bbox 888 1255 987 1319; x_wconf 91' lang='lat' dir='ltr'><strong>tert-io</strong></span> <span class='ocrx_word' id='word_1_85' title='bbox 1012 1255 1113 1332; x_wconf 93' lang='lat' dir='ltr'><strong>libro,</strong></span> <span class='ocrx_word' id='word_1_86' title='bbox 1147 1256 1296 1336; x_wconf 79' lang='lat' dir='ltr'><strong>inprimis</strong></span> <span class='ocrx_word' id='word_1_87' title='bbox 1319 1274 1387 1335; x_wconf 86' lang='lat' dir='ltr'><strong>cap</strong></span> <span class='ocrx_word' id='word_1_88' title='bbox 1417 1259 1457 1319; x_wconf 96' lang='grc'><strong>12</strong></span> 
     </span>
     <span class='ocr_line' id='line_1_10' title="bbox 120 1359 1456 1446; baseline -0.003 -17"><span class='ocrx_word' id='word_1_89' title='bbox 120 1385 149 1446; x_wconf 92' lang='lat' dir='ltr'><strong>p.</strong></span> <span class='ocrx_word' id='word_1_90' title='bbox 171 1368 268 1430; x_wconf 76' lang='lat' dir='ltr'><strong>taut·</strong></span> <span class='ocrx_word' id='word_1_91' title='bbox 284 1366 326 1428; x_wconf 88' lang='grc'><strong>32</strong></span> <span class='ocrx_word' id='word_1_92' title='bbox 342 1382 425 1442; x_wconf 73' lang='lat' dir='ltr'><strong>sep,</strong></span> <span class='ocrx_word' id='word_1_93' title='bbox 452 1363 654 1445; x_wconf 87' lang='lat' dir='ltr'><strong>disputatum</strong></span> <span class='ocrx_word' id='word_1_94' title='bbox 680 1381 752 1428; x_wconf 91' lang='lat' dir='ltr'><strong>esse</strong></span> <span class='ocrx_word' id='word_1_95' title='bbox 776 1362 937 1427; x_wconf 88' lang='lat' dir='ltr'><strong>neminem</strong></span> <span class='ocrx_word' id='word_1_96' title='bbox 961 1372 1050 1427; x_wconf 89' lang='lat' dir='ltr'><strong>certe</strong></span> <span class='ocrx_word' id='word_1_97' title='bbox 1074 1362 1250 1443; x_wconf 85' lang='lat' dir='ltr'><strong>praeterit,</strong></span> <span class='ocrx_word' id='word_1_98' title='bbox 1284 1380 1387 1441; x_wconf 91' lang='lat' dir='ltr'><strong>neque</strong></span> <span class='ocrx_word' id='word_1_99' title='bbox 1415 1359 1456 1425; x_wconf 84' lang='lat' dir='ltr'><strong>ad</strong></span> 
     </span>
     <span class='ocr_line' id='line_1_11' title="bbox 101 1468 1459 1550; baseline -0.001 -15"><span class='ocrx_word' id='word_1_100' title='bbox 101 1473 206 1535; x_wconf 78' lang='lat' dir='ltr'><strong>&#39;hunc</strong></span> <span class='ocrx_word' id='word_1_101' title='bbox 241 1471 357 1535; x_wconf 80' lang='lat' dir='ltr'><strong>tibrum</strong></span> <span class='ocrx_word' id='word_1_102' title='bbox 382 1469 599 1534; x_wconf 82' lang='lat' dir='ltr'><strong>Aristotelem</strong></span> <span class='ocrx_word' id='word_1_103' title='bbox 631 1470 689 1533; x_wconf 88' lang='lat' dir='ltr'><strong>hoc</strong></span> <span class='ocrx_word' id='word_1_104' title='bbox 720 1469 789 1534; x_wconf 91' lang='lat' dir='ltr'><strong>loco</strong></span> <span class='ocrx_word' id='word_1_105' title='bbox 823 1468 1008 1550; x_wconf 81' lang='lat' dir='ltr'><strong>respexisse</strong></span> <span class='ocrx_word' id='word_1_106' title='bbox 1038 1471 1185 1550; x_wconf 87' lang='lat' dir='ltr'><strong>equidem</strong></span> <span class='ocrx_word' id='word_1_107' title='bbox 1216 1469 1347 1534; x_wconf 86' lang='lat' dir='ltr'><strong>infitior.</strong></span> <span class='ocrx_word' id='word_1_108' title='bbox 1393 1468 1459 1535; x_wconf 84' lang='lat' dir='ltr'><strong>Sed</strong></span> 
     </span>
     <span class='ocr_line' id='line_1_12' title="bbox 121 1570 1456 1660; baseline -0.001 -19"><span class='ocrx_word' id='word_1_109' title='bbox 121 1595 204 1641; x_wconf 91' lang='lat' dir='ltr'><strong>unns</strong></span> <span class='ocrx_word' id='word_1_110' title='bbox 229 1577 281 1641; x_wconf 83' lang='lat' dir='ltr'><strong>iric</strong></span> <span class='ocrx_word' id='word_1_111' title='bbox 303 1577 387 1640; x_wconf 90' lang='lat' dir='ltr'><strong>iiber</strong></span> <span class='ocrx_word' id='word_1_112' title='bbox 409 1594 474 1640; x_wconf 80' lang='lat' dir='ltr'><strong>tion</strong></span> <span class='ocrx_word' id='word_1_113' title='bbox 501 1575 634 1655; x_wconf 85' lang='lat' dir='ltr'><strong>sufficit,</strong></span> <span class='ocrx_word' id='word_1_114' title='bbox 660 1570 697 1650; x_wconf 72' lang='lat' dir='ltr'><strong>nst</strong></span> <span class='ocrx_word' id='word_1_115' title='bbox 718 1575 782 1640; x_wconf 92' lang='lat' dir='ltr'><strong>iam</strong></span> <span class='ocrx_word' id='word_1_116' title='bbox 807 1575 1026 1642; x_wconf 83' lang='lat' dir='ltr'><strong>Suseminlius</strong></span> <span class='ocrx_word' id='word_1_117' title='bbox 1058 1582 1149 1642; x_wconf 87' lang='lat' dir='ltr'><strong>recte</strong></span> <span class='ocrx_word' id='word_1_118' title='bbox 1179 1575 1412 1642; x_wconf 86' lang='lat' dir='ltr'><strong>animadvertit</strong></span> <span class='ocrx_word' id='word_1_119' title='bbox 1422 1576 1456 1660; x_wconf 87' lang='lat'><strong>¹),</strong></span> 
     </span>
     <span class='ocr_line' id='line_1_13' title="bbox 121 1682 1457 1764; baseline 0 -16"><span class='ocrx_word' id='word_1_120' title='bbox 121 1683 379 1764; x_wconf 88' lang='lat' dir='ltr'><strong>quandoquidem</strong></span> <span class='ocrx_word' id='word_1_121' title='bbox 403 1682 503 1747; x_wconf 86' lang='lat' dir='ltr'><strong>etiam</strong></span> <span class='ocrx_word' id='word_1_122' title='bbox 528 1701 612 1763; x_wconf 87' lang='lat' dir='ltr'><strong>qnae</strong></span> <span class='ocrx_word' id='word_1_123' title='bbox 636 1683 675 1747; x_wconf 90' lang='lat' dir='ltr'><strong>de</strong></span> <span class='ocrx_word' id='word_1_124' title='bbox 699 1701 872 1764; x_wconf 89' lang='lat' dir='ltr'><strong>puerorum</strong></span> <span class='ocrx_word' id='word_1_125' title='bbox 898 1684 1092 1749; x_wconf 79' lang='lat' dir='ltr'><strong>educatione</strong></span> <span class='ocrx_word' id='word_1_126' title='bbox 1107 1684 1238 1764; x_wconf 87' lang='lat' dir='ltr'><strong>publice</strong></span> <span class='ocrx_word' id='word_1_127' title='bbox 1253 1683 1457 1749; x_wconf 88' lang='lat' dir='ltr'><strong>instituenda</strong></span> 
     </span>
     <span class='ocr_line' id='line_1_14' title="bbox 121 1787 1456 1872; baseline 0.001 -19"><span class='ocrx_word' id='word_1_128' title='bbox 121 1787 321 1854; x_wconf 88' lang='lat' dir='ltr'><strong>Aristoteles</strong></span> <span class='ocrx_word' id='word_1_129' title='bbox 344 1789 377 1853; x_wconf 95' lang='lat' dir='ltr'><strong>in</strong></span> <span class='ocrx_word' id='word_1_130' title='bbox 402 1795 550 1854; x_wconf 84' lang='lat' dir='ltr'><strong>extrema</strong></span> <span class='ocrx_word' id='word_1_131' title='bbox 584 1789 682 1854; x_wconf 88' lang='lat' dir='ltr'><strong>istius</strong></span> <span class='ocrx_word' id='word_1_132' title='bbox 717 1789 835 1872; x_wconf 89' lang='lat' dir='ltr'><strong>capitis</strong></span> <span class='ocrx_word' id='word_1_133' title='bbox 869 1796 966 1871; x_wconf 85' lang='lat' dir='ltr'><strong>parte</strong></span> <span class='ocrx_word' id='word_1_134' title='bbox 996 1791 1077 1856; x_wconf 92' lang='lat' dir='ltr'><strong>dicit</strong></span> <span class='ocrx_word' id='word_1_135' title='bbox 1110 1791 1152 1857; x_wconf 92' lang='lat' dir='ltr'><strong>ad</strong></span> <span class='ocrx_word' id='word_1_136' title='bbox 1183 1791 1272 1856; x_wconf 87' lang='lat' dir='ltr'><strong>iliam</strong></span> <span class='ocrx_word' id='word_1_137' title='bbox 1302 1790 1456 1872; x_wconf 89' lang='lat' dir='ltr'><strong>optimam</strong></span> 
     </span>
     <span class='ocr_line' id='line_1_15' title="bbox 120 1885 1456 1978; baseline 0.001 -19"><span class='ocrx_word' id='word_1_138' title='bbox 120 1895 362 1960; x_wconf 89' lang='lat' dir='ltr'><strong>aristocratiam</strong></span> <span class='ocrx_word' id='word_1_139' title='bbox 385 1885 563 1977; x_wconf 84' lang='lat' dir='ltr'><strong>pertinent.</strong></span> <span class='ocrx_word' id='word_1_140' title='bbox 611 1897 664 1962; x_wconf 88' lang='lat' dir='ltr'><strong>De</strong></span> <span class='ocrx_word' id='word_1_141' title='bbox 687 1897 817 1978; x_wconf 89' lang='lat' dir='ltr'><strong>publica</strong></span> <span class='ocrx_word' id='word_1_142' title='bbox 840 1910 950 1962; x_wconf 90' lang='lat' dir='ltr'><strong>antem</strong></span> <span class='ocrx_word' id='word_1_143' title='bbox 973 1896 1168 1964; x_wconf 79' lang='lat' dir='ltr'><strong>educatione</strong></span> <span class='ocrx_word' id='word_1_144' title='bbox 1190 1897 1224 1962; x_wconf 94' lang='lat' dir='ltr'><strong>in</strong></span> <span class='ocrx_word' id='word_1_145' title='bbox 1242 1897 1348 1964; x_wconf 85' lang='lat' dir='ltr'><strong>tertio</strong></span> <span class='ocrx_word' id='word_1_146' title='bbox 1371 1897 1456 1962; x_wconf 85' lang='lat' dir='ltr'><strong>libro</strong></span> 
     </span>
     <span class='ocr_line' id='line_1_16' title="bbox 120 2001 1456 2085; baseline 0 -19"><span class='ocrx_word' id='word_1_147' title='bbox 120 2021 180 2067; x_wconf 92' lang='lat' dir='ltr'><strong>nec</strong></span> <span class='ocrx_word' id='word_1_148' title='bbox 202 2004 277 2068; x_wconf 89' lang='lat' dir='ltr'><strong>vola</strong></span> <span class='ocrx_word' id='word_1_149' title='bbox 300 2001 578 2085; x_wconf 78' lang='lat' dir='ltr'><strong>necvestigium3</strong></span> <span class='ocrx_word' id='word_1_150' title='bbox 610 2003 705 2085; x_wconf 87' lang='lat' dir='ltr'><strong>plane</strong></span> <span class='ocrx_word' id='word_1_151' title='bbox 738 2006 821 2068; x_wconf 88' lang='lat' dir='ltr'><strong>hanc</strong></span> <span class='ocrx_word' id='word_1_152' title='bbox 844 2023 914 2068; x_wconf 91' lang='lat' dir='ltr'><strong>rem</strong></span> <span class='ocrx_word' id='word_1_153' title='bbox 942 2004 1162 2084; x_wconf 87' lang='lat' dir='ltr'><strong>pertractavit</strong></span> <span class='ocrx_word' id='word_1_154' title='bbox 1194 2023 1257 2069; x_wconf 93' lang='lat' dir='ltr'><strong>non</strong></span> <span class='ocrx_word' id='word_1_155' title='bbox 1291 2004 1324 2069; x_wconf 93' lang='lat' dir='ltr'><strong>in</strong></span> <span class='ocrx_word' id='word_1_156' title='bbox 1358 2003 1456 2070; x_wconf 87' lang='lat' dir='ltr'><strong>tertio</strong></span> 
     </span>
     <span class='ocr_line' id='line_1_17' title="bbox 120 2093 1454 2192; baseline 0.001 -20"><span class='ocrx_word' id='word_1_157' title='bbox 120 2108 204 2173; x_wconf 88' lang='lat' dir='ltr'><strong>libro</strong></span> <span class='ocrx_word' id='word_1_158' title='bbox 237 2109 294 2174; x_wconf 88' lang='lat' dir='ltr'><strong>sed</strong></span> <span class='ocrx_word' id='word_1_159' title='bbox 329 2109 363 2174; x_wconf 91' lang='lat' dir='ltr'><strong>in</strong></span> <span class='ocrx_word' id='word_1_160' title='bbox 398 2116 533 2188; x_wconf 91' lang='lat' dir='ltr'><strong>octavo,</strong></span> <span class='ocrx_word' id='word_1_161' title='bbox 570 2109 662 2174; x_wconf 86' lang='lat' dir='ltr'><strong>ouius</strong></span> <span class='ocrx_word' id='word_1_162' title='bbox 697 2127 864 2191; x_wconf 87' lang='lat' dir='ltr'><strong>compares</strong></span> <span class='ocrx_word' id='word_1_163' title='bbox 900 2109 999 2175; x_wconf 90' lang='lat' dir='ltr'><strong>velim</strong></span> <span class='ocrx_word' id='word_1_164' title='bbox 1035 2109 1147 2176; x_wconf 84' lang='lat' dir='ltr'><strong>statim</strong></span> <span class='ocrx_word' id='word_1_165' title='bbox 1184 2110 1321 2192; x_wconf 88' lang='lat' dir='ltr'><strong>primum</strong></span> <span class='ocrx_word' id='word_1_166' title='bbox 1355 2093 1454 2192; x_wconf 86' lang='lat' dir='ltr'><strong>caput</strong></span> 
     </span>
     <span class='ocr_line' id='line_1_18' title="bbox 120 2214 1456 2304; baseline 0.004 -26"><span class='ocrx_word' id='word_1_167' title='bbox 120 2233 150 2295; x_wconf 89' lang='lat' dir='ltr'><strong>p.</strong></span> <span class='ocrx_word' id='word_1_168' title='bbox 179 2216 276 2279; x_wconf 72' lang='grc' dir='ltr'><strong>133ίι</strong></span> <span class='ocrx_word' id='word_1_169' title='bbox 291 2218 333 2280; x_wconf 87' lang='grc'><strong>22</strong></span> <span class='ocrx_word' id='word_1_170' title='bbox 357 2221 489 2304; x_wconf 79' lang='grc' dir='ltr'>φανερὸν</span> <span class='ocrx_word' id='word_1_171' title='bbox 513 2214 558 2280; x_wconf 82' lang='grc' dir='ltr'><strong>δτι</strong></span> <span class='ocrx_word' id='word_1_172' title='bbox 581 2221 636 2280; x_wconf 84' lang='grc' dir='ltr'><strong>καί</strong></span> <span class='ocrx_word' id='word_1_173' title='bbox 657 2220 712 2302; x_wconf 75' lang='grc' dir='ltr'>την</span> <span class='ocrx_word' id='word_1_174' title='bbox 735 2217 878 2282; x_wconf 82' lang='grc' dir='ltr'>παιδείαν</span> <span class='ocrx_word' id='word_1_175' title='bbox 892 2223 975 2303; x_wconf 78' lang='grc' dir='ltr'>ρίαν,</span> <span class='ocrx_word' id='word_1_176' title='bbox 997 2222 1052 2282; x_wconf 89' lang='grc' dir='ltr'><strong>καί</strong></span> <span class='ocrx_word' id='word_1_177' title='bbox 1081 2221 1135 2304; x_wconf 78' lang='grc' dir='ltr'>την</span> <span class='ocrx_word' id='word_1_178' title='bbox 1166 2215 1261 2304; x_wconf 72' lang='grc' dir='ltr'>αὐτὴν</span> <span class='ocrx_word' id='word_1_179' title='bbox 1289 2216 1456 2299; x_wconf 82' lang='grc' dir='ltr'>ἀναγκαῖον</span> 
     </span>
     <span class='ocr_line' id='line_1_19' title="bbox 121 2320 1453 2410; baseline 0.004 -26"><span class='ocrx_word' id='word_1_180' title='bbox 121 2320 199 2386; x_wconf 86' lang='grc' dir='ltr'>εἶναι</span> <span class='ocrx_word' id='word_1_181' title='bbox 232 2326 350 2387; x_wconf 85' lang='grc' dir='ltr'>πάντων</span> <span class='ocrx_word' id='word_1_182' title='bbox 377 2328 431 2387; x_wconf 87' lang='grc' dir='ltr'><strong>καί</strong></span> <span class='ocrx_word' id='word_1_183' title='bbox 459 2327 572 2410; x_wconf 85' lang='grc' dir='ltr'>ταὺιης</span> <span class='ocrx_word' id='word_1_184' title='bbox 600 2327 655 2410; x_wconf 80' lang='grc' dir='ltr'>τὴν</span> <span class='ocrx_word' id='word_1_185' title='bbox 687 2321 863 2409; x_wconf 79' lang='grc' dir='ltr'>ἐπιμέλειαν</span> <span class='ocrx_word' id='word_1_186' title='bbox 895 2322 973 2389; x_wconf 82' lang='grc' dir='ltr'>εἶναι</span> <span class='ocrx_word' id='word_1_187' title='bbox 1002 2327 1108 2410; x_wconf 75' lang='grc' dir='ltr'>κου-ην</span> <span class='ocrx_word' id='word_1_188' title='bbox 1130 2329 1184 2388; x_wconf 88' lang='grc' dir='ltr'><strong>καί</strong></span> <span class='ocrx_word' id='word_1_189' title='bbox 1209 2328 1250 2410; x_wconf 82' lang='grc' dir='ltr'><strong>μη</strong></span> <span class='ocrx_word' id='word_1_190' title='bbox 1273 2326 1340 2388; x_wconf 84' lang='grc' dir='ltr'>κατ’</span> <span class='ocrx_word' id='word_1_191' title='bbox 1365 2321 1453 2389; x_wconf 81' lang='grc' dir='ltr'>ἰδίαν.</span> 
     </span>
     <span class='ocr_line' id='line_1_20' title="bbox 121 2429 1454 2513; baseline 0.003 -22"><span class='ocrx_word' id='word_1_192' title='bbox 121 2429 237 2511; x_wconf 89' lang='lat' dir='ltr'><strong>Itaque</strong></span> <span class='ocrx_word' id='word_1_193' title='bbox 272 2448 334 2493; x_wconf 91' lang='lat' dir='ltr'><strong>non</strong></span> <span class='ocrx_word' id='word_1_194' title='bbox 370 2430 410 2494; x_wconf 92' lang='lat' dir='ltr'><strong>ad</strong></span> <span class='ocrx_word' id='word_1_195' title='bbox 448 2429 584 2495; x_wconf 86' lang='lat' dir='ltr'><strong>tertium</strong></span> <span class='ocrx_word' id='word_1_196' title='bbox 619 2430 738 2494; x_wconf 88' lang='lat' dir='ltr'><strong>librum</strong></span> <span class='ocrx_word' id='word_1_197' title='bbox 773 2431 894 2513; x_wconf 85' lang='lat' dir='ltr'><strong>solum,</strong></span> <span class='ocrx_word' id='word_1_198' title='bbox 927 2431 983 2496; x_wconf 88' lang='lat' dir='ltr'><strong>sed</strong></span> <span class='ocrx_word' id='word_1_199' title='bbox 1013 2431 1055 2496; x_wconf 86' lang='lat' dir='ltr'><strong>ad</strong></span> <span class='ocrx_word' id='word_1_200' title='bbox 1087 2431 1220 2495; x_wconf 90' lang='lat' dir='ltr'><strong>tertium</strong></span> <span class='ocrx_word' id='word_1_201' title='bbox 1249 2439 1283 2495; x_wconf 90' lang='lat' dir='ltr'><strong>et</strong></span> <span class='ocrx_word' id='word_1_202' title='bbox 1305 2436 1454 2496; x_wconf 88' lang='lat' dir='ltr'><strong>octavum</strong></span> 
     </span>
     <span class='ocr_line' id='line_1_21' title="bbox 122 2535 1455 2618; baseline 0.003 -20"><span class='ocrx_word' id='word_1_203' title='bbox 122 2535 337 2601; x_wconf 85' lang='lat' dir='ltr'><strong>Aristotelem</strong></span> <span class='ocrx_word' id='word_1_204' title='bbox 373 2535 479 2618; x_wconf 89' lang='lat' dir='ltr'><strong>ipsum</strong></span> <span class='ocrx_word' id='word_1_205' title='bbox 515 2555 575 2602; x_wconf 88' lang='lat' dir='ltr'><strong>nos</strong></span> <span class='ocrx_word' id='word_1_206' title='bbox 610 2537 779 2603; x_wconf 84' lang='lat' dir='ltr'><strong>remittere</strong></span> <span class='ocrx_word' id='word_1_207' title='bbox 807 2544 930 2602; x_wconf 73' lang='lat' dir='ltr'><strong>statuo,</strong></span> <span class='ocrx_word' id='word_1_208' title='bbox 979 2537 1197 2603; x_wconf 84' lang='lat' dir='ltr'><strong>Susamihlius</strong></span> <span class='ocrx_word' id='word_1_209' title='bbox 1228 2544 1337 2602; x_wconf 89' lang='lat' dir='ltr'><strong>autem</strong></span> <span class='ocrx_word' id='word_1_210' title='bbox 1368 2537 1455 2602; x_wconf 91' lang='lat' dir='ltr'><strong>insto</strong></span> 
     </span>
     <span class='ocr_line' id='line_1_22' title="bbox 121 2641 1454 2725; baseline 0.001 -18"><span class='ocrx_word' id='word_1_211' title='bbox 121 2641 299 2708; x_wconf 81' lang='lat' dir='ltr'><strong>artioribus</strong></span> <span class='ocrx_word' id='word_1_212' title='bbox 322 2643 442 2709; x_wconf 88' lang='lat' dir='ltr'><strong>finibus</strong></span> <span class='ocrx_word' id='word_1_213' title='bbox 467 2645 550 2710; x_wconf 88' lang='lat' dir='ltr'><strong>hanc</strong></span> <span class='ocrx_word' id='word_1_214' title='bbox 573 2663 642 2708; x_wconf 91' lang='lat' dir='ltr'><strong>rem</strong></span> <span class='ocrx_word' id='word_1_215' title='bbox 665 2643 933 2725; x_wconf 82' lang='lat' dir='ltr'><strong>circumscripsit,</strong></span> <span class='ocrx_word' id='word_1_216' title='bbox 957 2643 1043 2724; x_wconf 91' lang='lat' dir='ltr'><strong>qnod</strong></span> <span class='ocrx_word' id='word_1_217' title='bbox 1067 2644 1109 2708; x_wconf 89' lang='lat' dir='ltr'><strong>ad</strong></span> <span class='ocrx_word' id='word_1_218' title='bbox 1127 2644 1454 2715; x_wconf 79' lang='lat' dir='ltr'><strong>Lacedaemoniorum</strong></span> 
     </span>
     <span class='ocr_line' id='line_1_23' title="bbox 120 2749 1454 2831; baseline 0.001 -18"><span class='ocrx_word' id='word_1_219' title='bbox 120 2749 221 2814; x_wconf 88' lang='lat' dir='ltr'><strong>solam</strong></span> <span class='ocrx_word' id='word_1_220' title='bbox 249 2749 416 2816; x_wconf 88' lang='lat' dir='ltr'><strong>civitatem</strong></span> <span class='ocrx_word' id='word_1_221' title='bbox 447 2769 503 2828; x_wconf 83' lang='lat' dir='ltr'><strong>ea,</strong></span> <span class='ocrx_word' id='word_1_222' title='bbox 534 2769 618 2831; x_wconf 88' lang='lat' dir='ltr'><strong>qnae</strong></span> <span class='ocrx_word' id='word_1_223' title='bbox 646 2749 702 2815; x_wconf 92' lang='lat' dir='ltr'><strong>illo</strong></span> <span class='ocrx_word' id='word_1_224' title='bbox 740 2751 809 2816; x_wconf 90' lang='lat' dir='ltr'><strong>loco</strong></span> <span class='ocrx_word' id='word_1_225' title='bbox 841 2750 917 2814; x_wconf 89' lang='lat' dir='ltr'><strong>libri</strong></span> <span class='ocrx_word' id='word_1_226' title='bbox 950 2750 1061 2830; x_wconf 87' lang='lat' dir='ltr'><strong>quarti</strong></span> <span class='ocrx_word' id='word_1_227' title='bbox 1091 2751 1131 2815; x_wconf 89' lang='lat' dir='ltr'><strong>de</strong></span> <span class='ocrx_word' id='word_1_228' title='bbox 1161 2749 1352 2816; x_wconf 89' lang='lat' dir='ltr'><strong>educatione</strong></span> <span class='ocrx_word' id='word_1_229' title='bbox 1375 2750 1454 2815; x_wconf 90' lang='lat' dir='ltr'><strong>indi·</strong></span> 
     </span>
     <span class='ocr_line' id='line_1_24' title="bbox 121 2857 1323 2940; baseline 0.007 -19"><span class='ocrx_word' id='word_1_230' title='bbox 121 2867 248 2935; x_wconf 83' lang='lat' dir='ltr'><strong>cantur,</strong></span> <span class='ocrx_word' id='word_1_231' title='bbox 273 2859 456 2923; x_wconf 89' lang='lat' dir='ltr'><strong>revocanda</strong></span> <span class='ocrx_word' id='word_1_232' title='bbox 479 2876 552 2923; x_wconf 92' lang='lat' dir='ltr'><strong>esse</strong></span> <span class='ocrx_word' id='word_1_233' title='bbox 575 2857 753 2940; x_wconf 57' lang='lat' dir='ltr'><strong>patavini)</strong></span> <span class='ocrx_word' id='word_1_234' title='bbox 1321 2927 1323 2930; x_wconf 83' lang='lat'>.</span> 
     </span>
    </p>

    <p class='ocr_par' dir='ltr' id='par_1_3' title="bbox 121 2962 1495 3587">
     <span class='ocr_line' id='line_1_25' title="bbox 234 2962 1454 3046; baseline 0.002 -18"><span class='ocrx_word' id='word_1_235' title='bbox 234 2965 375 3030; x_wconf 86' lang='lat' dir='ltr'><strong>Prodeat</strong></span> <span class='ocrx_word' id='word_1_236' title='bbox 398 2964 462 3029; x_wconf 89' lang='lat' dir='ltr'><strong>iam</strong></span> <span class='ocrx_word' id='word_1_237' title='bbox 482 2963 584 3028; x_wconf 90' lang='lat' dir='ltr'><strong>testis</strong></span> <span class='ocrx_word' id='word_1_238' title='bbox 599 2962 884 3045; x_wconf 69' lang='lat' dir='ltr'><strong>rlocupletissimus</strong></span> <span class='ocrx_word' id='word_1_239' title='bbox 908 2964 929 3029; x_wconf 90' lang='lat'><strong>1.</strong></span> <span class='ocrx_word' id='word_1_240' title='bbox 953 2965 1004 3032; x_wconf 82' lang='lat' dir='ltr'><strong>IV</strong></span> <span class='ocrx_word' id='word_1_241' title='bbox 1029 2983 1056 3029; x_wconf 93' lang='lat' dir='ltr'><strong>c.</strong></span> <span class='ocrx_word' id='word_1_242' title='bbox 1079 2967 1100 3030; x_wconf 89' lang='grc'>9</span> <span class='ocrx_word' id='word_1_243' title='bbox 1125 2984 1154 3046; x_wconf 90' lang='lat' dir='ltr'><strong>p.</strong></span> <span class='ocrx_word' id='word_1_244' title='bbox 1174 2966 1272 3030; x_wconf 74' lang='grc'>1295·</span> <span class='ocrx_word' id='word_1_245' title='bbox 1295 2967 1337 3030; x_wconf 77' lang='grc'><strong>25</strong></span> <span class='ocrx_word' id='word_1_246' title='bbox 1360 2969 1405 3035; x_wconf 82' lang='grc' dir='ltr'><strong>τίς</strong></span> <span class='ocrx_word' id='word_1_247' title='bbox 1426 2966 1454 3030; x_wconf 89' lang='grc' dir='ltr'>δ’</span> 
     </span>
     <span class='ocr_line' id='line_1_26' title="bbox 122 3067 1495 3156; baseline 0.004 -26"><span class='ocrx_word' id='word_1_248' title='bbox 122 3067 229 3156; x_wconf 80' lang='grc' dir='ltr'>ἀρίστη</span> <span class='ocrx_word' id='word_1_249' title='bbox 253 3072 390 3135; x_wconf 87' lang='grc' dir='ltr'>πολιτεία</span> <span class='ocrx_word' id='word_1_250' title='bbox 414 3075 476 3135; x_wconf 89' lang='grc' dir='ltr'>καί·</span> <span class='ocrx_word' id='word_1_251' title='bbox 491 3077 536 3140; x_wconf 87' lang='grc' dir='ltr'><strong>τίς</strong></span> <span class='ocrx_word' id='word_1_252' title='bbox 559 3069 683 3154; x_wconf 85' lang='grc' dir='ltr'>ἄριστος</span> <span class='ocrx_word' id='word_1_253' title='bbox 699 3073 766 3153; x_wconf 88' lang='grc' dir='ltr'>βίος</span> <span class='ocrx_word' id='word_1_254' title='bbox 780 3082 848 3144; x_wconf 86' lang='grc' dir='ltr'>ταῖς</span> <span class='ocrx_word' id='word_1_255' title='bbox 863 3073 1022 3145; x_wconf 84' lang='grc' dir='ltr'>πλείσταις</span> <span class='ocrx_word' id='word_1_256' title='bbox 1036 3075 1145 3136; x_wconf 86' lang='grc' dir='ltr'>πόλεσι</span> <span class='ocrx_word' id='word_1_257' title='bbox 1160 3077 1214 3136; x_wconf 88' lang='grc' dir='ltr'><strong>καί</strong></span> <span class='ocrx_word' id='word_1_258' title='bbox 1230 3083 1292 3145; x_wconf 84' lang='grc' dir='ltr'>τοῖς</span> <span class='ocrx_word' id='word_1_259' title='bbox 1306 3075 1456 3146; x_wconf 86' lang='grc' dir='ltr'>πλείστοις</span> <span class='ocrx_word' id='word_1_260' title='bbox 1493 3117 1495 3120; x_wconf 92' lang='grc'><strong>-</strong></span> 
     </span>
     <span class='ocr_line' id='line_1_27' title="bbox 121 3175 1494 3266; baseline 0.004 -26"><span class='ocrx_word' id='word_1_261' title='bbox 121 3188 178 3240; x_wconf 80' lang='grc' dir='ltr'>τῶν</span> <span class='ocrx_word' id='word_1_262' title='bbox 203 3175 383 3262; x_wconf 76' lang='grc' dir='ltr'>ἀνθρώπων,</span> <span class='ocrx_word' id='word_1_263' title='bbox 409 3183 484 3265; x_wconf 75' lang='grc' dir='ltr'>μήτε</span> <span class='ocrx_word' id='word_1_264' title='bbox 508 3181 585 3262; x_wconf 85' lang='grc' dir='ltr'>πρὸς</span> <span class='ocrx_word' id='word_1_265' title='bbox 608 3176 720 3264; x_wconf 79' lang='grc' dir='ltr'>ἀρετίγν</span> <span class='ocrx_word' id='word_1_266' title='bbox 743 3185 935 3262; x_wconf 79' lang='grc' dir='ltr'>συγκρίνουσι</span> <span class='ocrx_word' id='word_1_267' title='bbox 958 3182 1013 3265; x_wconf 76' lang='grc' dir='ltr'>την</span> <span class='ocrx_word' id='word_1_268' title='bbox 1036 3175 1112 3263; x_wconf 76' lang='grc' dir='ltr'>ὑπὲρ</span> <span class='ocrx_word' id='word_1_269' title='bbox 1135 3181 1205 3252; x_wconf 84' lang='grc' dir='ltr'>τοὺς</span> <span class='ocrx_word' id='word_1_270' title='bbox 1227 3177 1358 3256; x_wconf 79' lang='grc' dir='ltr'>ἰδιώτας,</span> <span class='ocrx_word' id='word_1_271' title='bbox 1380 3185 1455 3266; x_wconf 77' lang='grc' dir='ltr'>μήτε</span> <span class='ocrx_word' id='word_1_272' title='bbox 1492 3253 1494 3256; x_wconf 48' lang='grc'><strong>,</strong></span> 
     </span>
     <span class='ocr_line' id='line_1_28' title="bbox 121 3285 1455 3373; baseline 0.003 -26"><span class='ocrx_word' id='word_1_273' title='bbox 121 3289 197 3367; x_wconf 88' lang='grc' dir='ltr'>πρὸς</span> <span class='ocrx_word' id='word_1_274' title='bbox 218 3285 358 3349; x_wconf 89' lang='grc' dir='ltr'>παιδείαν</span> <span class='ocrx_word' id='word_1_275' title='bbox 382 3286 402 3371; x_wconf 80' lang='grc' dir='ltr'>ἢ</span> <span class='ocrx_word' id='word_1_276' title='bbox 426 3289 546 3372; x_wconf 80' lang='grc' dir='ltr'>ρυσευς</span> <span class='ocrx_word' id='word_1_277' title='bbox 569 3285 665 3349; x_wconf 85' lang='grc' dir='ltr'>δεῖται</span> <span class='ocrx_word' id='word_1_278' title='bbox 687 3290 741 3349; x_wconf 91' lang='grc' dir='ltr'><strong>καί</strong></span> <span class='ocrx_word' id='word_1_279' title='bbox 763 3285 915 3371; x_wconf 85' lang='grc' dir='ltr'>χορηγίας</span> <span class='ocrx_word' id='word_1_280' title='bbox 937 3297 1086 3373; x_wconf 60' lang='grc' dir='ltr'>τυχηρᾶς</span> <span class='ocrx_word' id='word_1_281' title='bbox 1112 3291 1188 3372; x_wconf 71' lang='grc' dir='ltr'>μήτε</span> <span class='ocrx_word' id='word_1_282' title='bbox 1212 3291 1286 3370; x_wconf 82' lang='grc' dir='ltr'>πρὸς</span> <span class='ocrx_word' id='word_1_283' title='bbox 1302 3287 1455 3357; x_wconf 81' lang='grc' dir='ltr'>πολιτείαν</span> 
     </span>
     <span class='ocr_line' id='line_1_29' title="bbox 122 3389 1455 3480; baseline 0.002 -25"><span class='ocrx_word' id='word_1_284' title='bbox 122 3395 174 3476; x_wconf 81' lang='grc' dir='ltr'>τὴν</span> <span class='ocrx_word' id='word_1_285' title='bbox 197 3389 265 3455; x_wconf 76' lang='grc' dir='ltr'>κατ’</span> <span class='ocrx_word' id='word_1_286' title='bbox 289 3390 383 3477; x_wconf 76' lang='grc' dir='ltr'>εὐχὴν</span> <span class='ocrx_word' id='word_1_287' title='bbox 406 3392 575 3478; x_wconf 76' lang='grc' dir='ltr'>γινομένην,</span> <span class='ocrx_word' id='word_1_288' title='bbox 609 3389 691 3456; x_wconf 86' lang='grc' dir='ltr'>ἀλλὰ</span> <span class='ocrx_word' id='word_1_289' title='bbox 715 3395 779 3474; x_wconf 89' lang='grc' dir='ltr'>βίον</span> <span class='ocrx_word' id='word_1_290' title='bbox 802 3415 834 3455; x_wconf 87' lang='grc' dir='ltr'><strong>τε</strong></span> <span class='ocrx_word' id='word_1_291' title='bbox 862 3397 913 3458; x_wconf 88' lang='grc' dir='ltr'>τὸν</span> <span class='ocrx_word' id='word_1_292' title='bbox 935 3403 1000 3466; x_wconf 85' lang='grc' dir='ltr'>τοῖς</span> <span class='ocrx_word' id='word_1_293' title='bbox 1022 3395 1175 3466; x_wconf 87' lang='grc' dir='ltr'>πλείστοις</span> <span class='ocrx_word' id='word_1_294' title='bbox 1196 3405 1379 3480; x_wconf 76' lang='grc' dir='ltr'>κοινωνῆσαι</span> <span class='ocrx_word' id='word_1_295' title='bbox 1401 3394 1455 3457; x_wconf 91' lang='grc' dir='ltr'>δυ-</span> 
     </span>
     <span class='ocr_line' id='line_1_30' title="bbox 121 3496 1276 3587; baseline 0 -25"><span class='ocrx_word' id='word_1_296' title='bbox 121 3503 210 3562; x_wconf 90' lang='grc' dir='ltr'>νατὸν</span> <span class='ocrx_word' id='word_1_297' title='bbox 233 3503 287 3562; x_wconf 88' lang='grc' dir='ltr'><strong>καί</strong></span> <span class='ocrx_word' id='word_1_298' title='bbox 309 3503 463 3565; x_wconf 85' lang='grc' dir='ltr'>πολιτείαν</span> <span class='ocrx_word' id='word_1_299' title='bbox 486 3499 525 3587; x_wconf 80' lang='grc' dir='ltr'><strong>ης</strong></span> <span class='ocrx_word' id='word_1_300' title='bbox 548 3503 604 3572; x_wconf 88' lang='grc' dir='ltr'>τὰς</span> <span class='ocrx_word' id='word_1_301' title='bbox 626 3502 770 3572; x_wconf 87' lang='grc' dir='ltr'>πλείστας</span> <span class='ocrx_word' id='word_1_302' title='bbox 793 3503 898 3572; x_wconf 86' lang='grc' dir='ltr'>πόλεις</span> <span class='ocrx_word' id='word_1_303' title='bbox 921 3496 1080 3586; x_wconf 77' lang='grc' dir='ltr'>ἐνδέχεται</span> <span class='ocrx_word' id='word_1_304' title='bbox 1104 3510 1276 3585; x_wconf 79' lang='grc' dir='ltr'>μετασχεῖν.</span> 
     </span>
    </p>

    <p class='ocr_par' dir='ltr' id='par_1_4' title="bbox 111 3605 1455 4009">
     <span class='ocr_line' id='line_1_31' title="bbox 232 3605 1455 3688; baseline 0.001 -19"><span class='ocrx_word' id='word_1_305' title='bbox 232 3606 297 3670; x_wconf 91' lang='lat' dir='ltr'><strong>His</strong></span> <span class='ocrx_word' id='word_1_306' title='bbox 326 3606 437 3670; x_wconf 88' lang='lat' dir='ltr'><strong>verbis</strong></span> <span class='ocrx_word' id='word_1_307' title='bbox 469 3606 554 3685; x_wconf 91' lang='lat' dir='ltr'><strong>quod</strong></span> <span class='ocrx_word' id='word_1_308' title='bbox 579 3605 779 3671; x_wconf 86' lang='lat' dir='ltr'><strong>Aristoteles</strong></span> <span class='ocrx_word' id='word_1_309' title='bbox 807 3610 849 3671; x_wconf 90' lang='lat' dir='ltr'><strong>ad</strong></span> <span class='ocrx_word' id='word_1_310' title='bbox 880 3625 966 3684; x_wconf 80' lang='lat' dir='ltr'><strong>eant,</strong></span> <span class='ocrx_word' id='word_1_311' title='bbox 1001 3605 1094 3671; x_wconf 89' lang='lat' dir='ltr'><strong>cuins</strong></span> <span class='ocrx_word' id='word_1_312' title='bbox 1125 3605 1256 3686; x_wconf 89' lang='lat' dir='ltr'><strong>plurimi</strong></span> <span class='ocrx_word' id='word_1_313' title='bbox 1279 3606 1455 3688; x_wconf 84' lang='lat' dir='ltr'><strong>participes</strong></span> 
     </span>
     <span class='ocr_line' id='line_1_32' title="bbox 121 3710 1454 3794; baseline 0 -18"><span class='ocrx_word' id='word_1_314' title='bbox 121 3710 193 3777; x_wconf 89' lang='lat' dir='ltr'><strong>fieri</strong></span> <span class='ocrx_word' id='word_1_315' title='bbox 223 3712 364 3793; x_wconf 89' lang='lat' dir='ltr'><strong>possint,</strong></span> <span class='ocrx_word' id='word_1_316' title='bbox 400 3712 599 3794; x_wconf 89' lang='lat' dir='ltr'><strong>reipublicae</strong></span> <span class='ocrx_word' id='word_1_317' title='bbox 622 3713 758 3778; x_wconf 84' lang='lat' dir='ltr'><strong>formam</strong></span> <span class='ocrx_word' id='word_1_318' title='bbox 783 3713 1021 3778; x_wconf 87' lang='lat' dir='ltr'><strong>instituendam</strong></span> <span class='ocrx_word' id='word_1_319' title='bbox 1046 3731 1110 3777; x_wconf 92' lang='lat' dir='ltr'><strong>non</strong></span> <span class='ocrx_word' id='word_1_320' title='bbox 1134 3713 1218 3776; x_wconf 84' lang='lat' dir='ltr'><strong>tales</strong></span> <span class='ocrx_word' id='word_1_321' title='bbox 1242 3729 1308 3792; x_wconf 81' lang='lat' dir='ltr'><strong>res,</strong></span> <span class='ocrx_word' id='word_1_322' title='bbox 1341 3713 1454 3793; x_wconf 88' lang='lat' dir='ltr'><strong>qualos</strong></span> 
     </span>
     <span class='ocr_line' id='line_1_33' title="bbox 111 3819 1453 3901; baseline 0.001 -19"><span class='ocrx_word' id='word_1_323' title='bbox 111 3820 274 3899; x_wconf 90' lang='lat' dir='ltr'><strong>optimam</strong></span> <span class='ocrx_word' id='word_1_324' title='bbox 298 3819 496 3900; x_wconf 89' lang='lat' dir='ltr'><strong>reipublicae</strong></span> <span class='ocrx_word' id='word_1_325' title='bbox 520 3819 656 3884; x_wconf 84' lang='lat' dir='ltr'><strong>sormam</strong></span> <span class='ocrx_word' id='word_1_326' title='bbox 681 3821 800 3885; x_wconf 86' lang='lat' dir='ltr'><strong>habere</strong></span> <span class='ocrx_word' id='word_1_327' title='bbox 823 3827 983 3901; x_wconf 77' lang='lat' dir='ltr'><strong>oporteat,</strong></span> <span class='ocrx_word' id='word_1_328' title='bbox 1004 3819 1214 3900; x_wconf 82' lang='lat' dir='ltr'><strong>postulandas</strong></span> <span class='ocrx_word' id='word_1_329' title='bbox 1240 3837 1311 3884; x_wconf 90' lang='lat' dir='ltr'><strong>esse</strong></span> <span class='ocrx_word' id='word_1_330' title='bbox 1335 3825 1453 3896; x_wconf 84' lang='lat' dir='ltr'><strong>monet,</strong></span> 
     </span>
     <span class='ocr_line' id='line_1_34' title="bbox 122 3925 1452 4009; baseline 0.002 -20"><span class='ocrx_word' id='word_1_331' title='bbox 122 3944 183 3990; x_wconf 88' lang='lat' dir='ltr'><strong>non</strong></span> <span class='ocrx_word' id='word_1_332' title='bbox 210 3935 316 4006; x_wconf 88' lang='lat' dir='ltr'><strong>potest</strong></span> <span class='ocrx_word' id='word_1_333' title='bbox 339 3927 415 4007; x_wconf 90' lang='lat' dir='ltr'><strong>quin</strong></span> <span class='ocrx_word' id='word_1_334' title='bbox 441 3945 725 4006; x_wconf 75' lang='lat' dir='ltr'><strong>omnesomnes,</strong></span> <span class='ocrx_word' id='word_1_335' title='bbox 760 3946 842 4008; x_wconf 87' lang='lat' dir='ltr'><strong>quas</strong></span> <span class='ocrx_word' id='word_1_336' title='bbox 865 3927 1008 4009; x_wconf 87' lang='lat' dir='ltr'><strong>optimae</strong></span> <span class='ocrx_word' id='word_1_337' title='bbox 1032 3925 1232 4007; x_wconf 88' lang='lat' dir='ltr'><strong>reipublicae</strong></span> <span class='ocrx_word' id='word_1_338' title='bbox 1256 3925 1377 3992; x_wconf 85' lang='lat' dir='ltr'><strong>tormae</strong></span> <span class='ocrx_word' id='word_1_339' title='bbox 1400 3943 1452 3991; x_wconf 85' lang='lat' dir='ltr'><strong>ne·</strong></span> 
     </span>
    </p>
   </div>
   <div class='ocr_carea' id='block_1_3' title="bbox 122 4138 1454 4659">
    <p class='ocr_par' dir='ltr' id='par_1_5' title="bbox 123 4138 1453 4300">
     <span class='ocr_line' id='line_1_35' title="bbox 230 4138 1453 4211; baseline -0.002 -17"><span class='ocrx_word' id='word_1_340' title='bbox 230 4142 249 4210; x_wconf 87' lang='lat'><strong>¹)</strong></span> <span class='ocrx_word' id='word_1_341' title='bbox 268 4142 310 4194; x_wconf 79' lang='lat' dir='ltr'><strong>ad</strong></span> <span class='ocrx_word' id='word_1_342' title='bbox 335 4141 361 4192; x_wconf 81' lang='grc' dir='ltr'><strong>ὲν</strong></span> <span class='ocrx_word' id='word_1_343' title='bbox 380 4147 433 4202; x_wconf 82' lang='grc' dir='ltr'>τοῖς</span> <span class='ocrx_word' id='word_1_344' title='bbox 452 4139 565 4210; x_wconf 84' lang='grc' dir='ltr'>πρώτοις</span> <span class='ocrx_word' id='word_1_345' title='bbox 585 4139 676 4211; x_wconf 83' lang='grc' dir='ltr'>λόγοις</span> <span class='ocrx_word' id='word_1_346' title='bbox 702 4143 838 4195; x_wconf 75' lang='lat' dir='ltr'><strong>adnotavit</strong></span> <span class='ocrx_word' id='word_1_347' title='bbox 856 4139 1036 4194; x_wconf 81' lang='lat' dir='ltr'><strong>Susamihlius</strong></span> <span class='ocrx_word' id='word_1_348' title='bbox 1061 4140 1154 4209; x_wconf 83' lang='lat' dir='ltr'><strong>cap.5</strong></span> <span class='ocrx_word' id='word_1_349' title='bbox 1184 4157 1207 4208; x_wconf 85' lang='lat' dir='ltr'><strong>p.</strong></span> <span class='ocrx_word' id='word_1_350' title='bbox 1232 4141 1262 4192; x_wconf 83' lang='grc'><strong>10</strong></span> <span class='ocrx_word' id='word_1_351' title='bbox 1287 4140 1347 4192; x_wconf 85' lang='lat' dir='ltr'><strong>adn.</strong></span> <span class='ocrx_word' id='word_1_352' title='bbox 1372 4138 1453 4192; x_wconf 73' lang='lat'>1232:</span> 
     </span>
     <span class='ocr_line' id='line_1_36' title="bbox 123 4230 1050 4300; baseline 0 -19"><span class='ocrx_word' id='word_1_353' title='bbox 123 4230 236 4283; x_wconf 79' lang='lat' dir='ltr'><strong>nttrnlich</strong></span> <span class='ocrx_word' id='word_1_354' title='bbox 255 4232 292 4282; x_wconf 92' lang='lat' dir='ltr'><strong>im</strong></span> <span class='ocrx_word' id='word_1_355' title='bbox 313 4232 413 4283; x_wconf 84' lang='lat' dir='ltr'><strong>rierten</strong></span> <span class='ocrx_word' id='word_1_356' title='bbox 432 4231 593 4300; x_wconf 76' lang='lat' dir='ltr'><strong>(siebonten)</strong></span> <span class='ocrx_word' id='word_1_357' title='bbox 612 4232 666 4283; x_wconf 90' lang='lat' dir='ltr'><strong>und</strong></span> <span class='ocrx_word' id='word_1_358' title='bbox 685 4231 790 4284; x_wconf 80' lang='lat' dir='ltr'><strong>turritan</strong></span> <span class='ocrx_word' id='word_1_359' title='bbox 809 4231 928 4300; x_wconf 82' lang='lat' dir='ltr'><strong>(achten)</strong></span> <span class='ocrx_word' id='word_1_360' title='bbox 948 4230 1050 4283; x_wconf 90' lang='lat' dir='ltr'><strong>Bucho.</strong></span> 
     </span>
    </p>

    <p class='ocr_par' dir='ltr' id='par_1_6' title="bbox 122 4318 1454 4659">
     <span class='ocr_line' id='line_1_37' title="bbox 227 4318 1453 4389; baseline -0.003 -15"><span class='ocrx_word' id='word_1_361' title='bbox 227 4320 248 4389; x_wconf 69' lang='grc' dir='ltr'><strong>*λ</strong></span> <span class='ocrx_word' id='word_1_362' title='bbox 268 4320 431 4388; x_wconf 85' lang='lat' dir='ltr'><strong>Capopli</strong></span> <span class='ocrx_word' id='word_1_363' title='bbox 442 4321 502 4374; x_wconf 89' lang='lat' dir='ltr'><strong>adn.</strong></span> <span class='ocrx_word' id='word_1_364' title='bbox 518 4320 596 4373; x_wconf 78' lang='lat'><strong>1234:</strong></span> <span class='ocrx_word' id='word_1_365' title='bbox 617 4320 789 4388; x_wconf 80' lang='lat' dir='ltr'><strong>Gesclrweiga</strong></span> <span class='ocrx_word' id='word_1_366' title='bbox 808 4321 878 4373; x_wconf 88' lang='lat' dir='ltr'><strong>deun</strong></span> <span class='ocrx_word' id='word_1_367' title='bbox 897 4320 924 4372; x_wconf 93' lang='lat' dir='ltr'><strong>in</strong></span> <span class='ocrx_word' id='word_1_368' title='bbox 944 4319 1061 4386; x_wconf 88' lang='lat' dir='ltr'><strong>solclron,</strong></span> <span class='ocrx_word' id='word_1_369' title='bbox 1081 4334 1119 4372; x_wconf 86' lang='lat' dir='ltr'><strong>wo</strong></span> <span class='ocrx_word' id='word_1_370' title='bbox 1139 4319 1195 4372; x_wconf 88' lang='lat' dir='ltr'><strong>dios</strong></span> <span class='ocrx_word' id='word_1_371' title='bbox 1214 4318 1328 4371; x_wconf 84' lang='lat' dir='ltr'><strong>dorFail</strong></span> <span class='ocrx_word' id='word_1_372' title='bbox 1346 4319 1381 4370; x_wconf 88' lang='lat' dir='ltr'><strong>ist</strong></span> <span class='ocrx_word' id='word_1_373' title='bbox 1399 4318 1453 4371; x_wconf 90' lang='lat' dir='ltr'><strong>und</strong></span> 
     </span>
     <span class='ocr_line' id='line_1_38' title="bbox 122 4407 1454 4479; baseline 0.001 -20"><span class='ocrx_word' id='word_1_374' title='bbox 122 4409 162 4461; x_wconf 93' lang='lat' dir='ltr'><strong>dio</strong></span> <span class='ocrx_word' id='word_1_375' title='bbox 180 4409 331 4462; x_wconf 82' lang='lat' dir='ltr'><strong>dffoutliohe</strong></span> <span class='ocrx_word' id='word_1_376' title='bbox 352 4411 404 4462; x_wconf 90' lang='lat' dir='ltr'><strong>und</strong></span> <span class='ocrx_word' id='word_1_377' title='bbox 424 4411 603 4478; x_wconf 85' lang='lat' dir='ltr'><strong>gemeinsame</strong></span> <span class='ocrx_word' id='word_1_378' title='bbox 616 4409 768 4479; x_wconf 79' lang='lat' dir='ltr'><strong>Emichnug</strong></span> <span class='ocrx_word' id='word_1_379' title='bbox 787 4426 838 4462; x_wconf 89' lang='lat' dir='ltr'><strong>nur</strong></span> <span class='ocrx_word' id='word_1_380' title='bbox 856 4426 889 4461; x_wconf 89' lang='lat' dir='ltr'><strong>an</strong></span> <span class='ocrx_word' id='word_1_381' title='bbox 909 4410 970 4462; x_wconf 90' lang='lat' dir='ltr'><strong>dom</strong></span> <span class='ocrx_word' id='word_1_382' title='bbox 989 4409 1087 4462; x_wconf 80' lang='lat' dir='ltr'><strong>Fehler</strong></span> <span class='ocrx_word' id='word_1_383' title='bbox 1104 4408 1192 4474; x_wconf 70' lang='lat' dir='ltr'><strong>laidet,</strong></span> <span class='ocrx_word' id='word_1_384' title='bbox 1211 4407 1331 4475; x_wconf 86' lang='lat' dir='ltr'><strong>oinsaitig</strong></span> <span class='ocrx_word' id='word_1_385' title='bbox 1349 4407 1397 4476; x_wconf 83' lang='lat' dir='ltr'><strong>ani</strong></span> <span class='ocrx_word' id='word_1_386' title='bbox 1412 4407 1454 4461; x_wconf 87' lang='lat' dir='ltr'><strong>dia</strong></span> 
     </span>
     <span class='ocr_line' id='line_1_39' title="bbox 122 4496 1452 4567; baseline -0.002 -18"><span class='ocrx_word' id='word_1_387' title='bbox 122 4497 296 4567; x_wconf 83' lang='lat' dir='ltr'><strong>kriogorische</strong></span> <span class='ocrx_word' id='word_1_388' title='bbox 315 4498 483 4567; x_wconf 79' lang='lat' dir='ltr'><strong>Tiiohtigkoit</strong></span> <span class='ocrx_word' id='word_1_389' title='bbox 502 4500 645 4553; x_wconf 87' lang='lat' dir='ltr'><strong>bereohnot</strong></span> <span class='ocrx_word' id='word_1_390' title='bbox 665 4515 698 4551; x_wconf 90' lang='lat' dir='ltr'><strong>zu</strong></span> <span class='ocrx_word' id='word_1_391' title='bbox 716 4500 782 4566; x_wconf 68' lang='lat' dir='ltr'><strong>sein,</strong></span> <span class='ocrx_word' id='word_1_392' title='bbox 802 4501 851 4552; x_wconf 88' lang='lat' dir='ltr'><strong>wia</strong></span> <span class='ocrx_word' id='word_1_393' title='bbox 870 4501 897 4551; x_wconf 93' lang='lat' dir='ltr'><strong>in</strong></span> <span class='ocrx_word' id='word_1_394' title='bbox 917 4498 1013 4567; x_wconf 83' lang='lat' dir='ltr'><strong>Sparta</strong></span> <span class='ocrx_word' id='word_1_395' title='bbox 1031 4497 1055 4550; x_wconf 87' lang='lat' dir='ltr'>V</span> <span class='ocrx_word' id='word_1_396' title='bbox 1075 4497 1173 4565; x_wconf 80' lang='lat' dir='ltr'><strong>(vul),</strong></span> <span class='ocrx_word' id='word_1_397' title='bbox 1194 4497 1217 4563; x_wconf 85' lang='lat'><strong>1,</strong></span> <span class='ocrx_word' id='word_1_398' title='bbox 1230 4496 1256 4549; x_wconf 89' lang='lat'><strong>3.</strong></span> <span class='ocrx_word' id='word_1_399' title='bbox 1296 4497 1330 4563; x_wconf 80' lang='grc' dir='ltr'><strong>ΙΙ,</strong></span> <span class='ocrx_word' id='word_1_400' title='bbox 1350 4496 1375 4563; x_wconf 80' lang='grc'><strong>6,</strong></span> <span class='ocrx_word' id='word_1_401' title='bbox 1394 4496 1452 4548; x_wconf 63' lang='grc'><strong>221.</strong></span> 
     </span>
     <span class='ocr_line' id='line_1_40' title="bbox 122 4587 436 4659; baseline 0.006 -20"><span class='ocrx_word' id='word_1_402' title='bbox 122 4587 158 4639; x_wconf 81' lang='lat' dir='ltr'><strong>IV</strong></span> <span class='ocrx_word' id='word_1_403' title='bbox 177 4588 260 4657; x_wconf 85' lang='lat' dir='ltr'><strong>(VII),</strong></span> <span class='ocrx_word' id='word_1_404' title='bbox 281 4588 326 4659; x_wconf 71' lang='lat'><strong>13,</strong></span> <span class='ocrx_word' id='word_1_405' title='bbox 343 4587 377 4640; x_wconf 89' lang='grc'><strong>10</strong></span> <span class='ocrx_word' id='word_1_406' title='bbox 395 4603 436 4656; x_wconf 90' lang='lat' dir='ltr'><strong>sq.</strong></span> 
     </span>
    </p>
   </div>
   <div class='ocr_carea' id='block_1_4' title="bbox 0 0 1667 5086">
    <p class='ocr_par' dir='ltr' id='par_1_7' title="bbox 0 0 1667 5086">
     <span class='ocr_line' id='line_1_41' title="bbox 0 0 1667 5086; baseline 0 0"><span class='ocrx_word' id='word_1_407' title='bbox 0 0 1667 5086; x_wconf 95' lang='lat' dir='ltr'><strong> </strong></span> 
     </span>
    </p>
   </div>
  </div>
 </body>
</html>
