3324 5078
458 280 497 334 De
517 299 585 336 novo
605 299 705 352 paeane
724 283 895 336 inhonorem
916 285 1068 352 Aesculapii
1088 286 1164 339 iacto.
1459 293 1479 354 9

141 493 329 558 restitutum
354 514 426 560 esse
450 495 705 562 avalonensi-io
734 495 891 560 Distriu
918 499 993 561 Hnr.
1020 501 1093 563 291.
1124 500 1234 566 Verba
1253 500 1469 583 thmologici

141 601 214 680 ipsa
237 601 399 667 adscribo:
426 605 449 688 ᾧ
473 608 525 667 καὶ
548 614 677 682 γυναῖκα
703 603 908 685 παραδίδωσιν
934 602 1092 691 Ἠπιόνην,
1118 605 1149 676 ἐξ
1173 605 1213 692 ἧς
1230 605 1311 691 αὐτῷ
1332 607 1478 688 γενέσθαι

144 705 266 772 Ἰάσονα
302 709 406 791 (Ἰασὼ
437 709 580 772 conexit
612 709 780 790 Valckcn.)
818 708 1006 773 Πανάκειαν.
1058 710 1192 774 Δεκτίιπν
1228 712 1259 776 ἐν
1289 711 1481 800 ὑπομνήματι

144 813 360 903 Λυκόφρονος.
403 816 469 880 Sub
487 813 618 879 Δεκτίων
635 816 839 897 grammatici
857 816 985 879 nornine
1003 819 1098 896 plane
1115 818 1219 898 ignoti
1240 820 1479 886 Valckenarius

144 921 265 986 Ἀκεσώ
295 925 398 986 latere
428 921 566 985 coniecit
595 923 712 986 crrllato
737 923 804 987 loco
829 923 958 995 Suidae,
994 924 1072 1002 quia
1097 923 1128 988 in
1149 926 1370 1007 thmologico
1395 946 1478 990 sem·

142 1049 200 1110 per
216 1029 339 1094 citatur
356 1026 387 1089 ἐν
404 1024 597 1116 ὑπομνήματι
616 1027 821 1115 Λοκόρρωνος
837 1030 980 1093 auctoris
999 1031 1127 1096 nomine
1144 1051 1206 1098 non
1221 1033 1356 1121 adiecto..
1389 1033 1478 1098 Gom·

143 1141 271 1215 pertum
288 1134 407 1197 habere
425 1134 589 1217 Bergkins
607 1136 747 1199 nondum
764 1135 881 1216 potnit,
900 1136 984 1217 qnod
1003 1155 1089 1202 nunc
1102 1137 1333 1219 inscriptiones
1350 1139 1475 1214 docent,

143 1242 175 1304 in
203 1238 317 1304 Attico
354 1240 543 1322 Aesculapii
578 1241 667 1306 cultu
703 1240 825 1306 Ἀκεσώ
861 1243 952 1306 ceam
991 1243 1062 1322 pari
1099 1244 1170 1309 iure
1206 1252 1305 1326 atque
1330 1245 1421 1308 ’ίασώ
1444 1256 1479 1310 et

144 1344 325 1410 Πανάκειαν
340 1347 460 1412 cultam
479 1366 569 1424 esse,
596 1347 706 1412 center
722 1348 969 1428 inscriptionem
986 1368 1080 1430 qnam
1100 1350 1197 1416 affert
1216 1352 1481 1430 Wilamovitnius

143 1452 235 1534 Isyll.
262 1453 326 1518 100
349 1473 389 1518 ex
417 1453 533 1542 filipert.
561 1453 633 1540 ἀρχ.
664 1455 756 1532 1885,
783 1457 824 1520 88
849 1463 882 1519 et
905 1455 1063 1533 Roscher,
1097 1459 1201 1539 Myth.
1229 1478 1252 1524 s.
1279 1478 1307 1523 v.
1334 1458 1480 1541 Hygieia

144 1579 196 1642 pg.
222 1563 310 1628 2775
324 1581 371 1643 sq.
865 1597 870 1606 ·

256 1687 285 1756 y.
306 1670 445 1734 10-16.
482 1667 642 1750 singulari
659 1675 757 1749 atque
781 1669 930 1733 sollemni
955 1669 1024 1733 loco
1051 1670 1164 1751 Hygia
1181 1669 1267 1734 inter
1287 1671 1477 1752 Aesculapii

76 1787 79 1791 ’
143 1775 230 1841 filias
254 1783 536 1850 commemoratum
573 1775 745 1858 quodiam
781 1795 822 1840 ex
852 1794 974 1856 paeane
999 1772 1205 1840 Atheniensi
1229 1777 1297 1857 (ubi
1322 1784 1392 1842 est:
1429 1781 1482 1842 σὺν
1561 1772 1568 1787 ”

144 1881 320 1966 ἀριπρέπτῳ
337 1879 468 1967 Ὑγιείας)
492 1890 602 1946 notum
628 1899 711 1947 novo
735 1882 795 1946 hoc
811 1881 1021 1947 confirmatur
1038 1883 1235 1948 testimonio.
1274 1884 1348 1949 Hoc
1371 1891 1482 1950 antem

145 1989 259 2052 moneo
283 1995 418 2070 propter
433 1993 497 2068 eos,
523 1988 576 2068 qui
603 1989 746 2071 Hygiam
771 1988 1006 2063 recentissimis
1031 1991 1158 2055 demum
1184 1991 1384 2071 temporibus
1408 1984 1481 2056 cum

42 2095 44 2099 ’
144 2095 344 2176 Aesculapio
369 2095 462 2159 deam
487 2095 608 2160 cultam
632 2113 705 2160 esse
729 2082 944 2179 contendunt,
975 2104 1012 2160 ut
1036 2096 1221 2177 Koeppius,
1251 2097 1307 2179 qui
1331 2096 1478 2180 (Mitteil.

145 2202 176 2266 d.
195 2203 303 2267 athen.
323 2203 406 2266 inst.
424 2202 462 2266 X
478 2204 553 2281 261,
578 2202 655 2267 Not.
674 2204 708 2284 2)
731 2201 869 2285 dubitat,
895 2221 971 2266 num
989 2202 1027 2281 ie,
1044 2203 1099 2283 qui
1116 2221 1247 2268 carmen
1264 2201 1482 2284 composuerit

146 2307 369 2387 Atheniense,
406 2313 533 2374 omnino
560 2308 701 2391 Hygiam
728 2309 868 2390 Epiones
892 2309 992 2374 filiam
1015 2299 1090 2374 esse
1113 2309 1289 2391 putaverit.
1339 2309 1482 2374 Atride

105 2445 109 2452 ·
144 2434 229 2496 quae
251 2414 285 2480 in
302 2414 500 2479 contrariam
516 2416 713 2480 sententiam
733 2417 884 2489 Roseher,
911 2418 1014 2499 Myth.
1034 2435 1059 2481 s.
1077 2435 1108 2483 v.
1130 2415 1243 2498 Hygia
1268 2415 1319 2498 pg.
1333 2417 1421 2482 2774
1434 2435 1480 2498 sq.

145 2520 342 2605 disputavit.
851 2610 853 2614 .
1352 2537 1355 2544 ·

258 2629 498 2712 Superscriptio
514 2629 630 2711 paceni
647 2630 827 2710 praemissa
842 2633 883 2695 ab
900 2631 1138 2696 consuetudine
1155 2632 1268 2694 horum
1293 2639 1484 2711 temporum

145 2737 264 2817 quibus
281 2737 495 2818 imperatores
519 2756 584 2802 una
607 2755 679 2820 oum
703 2736 773 2801 deis
796 2737 996 2813 colebantur,
1023 2757 1087 2802 non
1111 2739 1275 2804 abhorret.
1313 2736 1481 2817 Principio

145 2844 255 2927 posita
284 2845 446 2925 particula
478 2842 553 2930 ὑπέρ
584 2844 666 2908 idem
699 2844 879 2924 significat,
913 2847 996 2925 quod
1032 2845 1064 2908 in
1100 2843 1176 2908 aliis
1212 2843 1482 2924 inscriptionibus

145 2951 274 3034 plenius
298 2969 484 3033 expressum
514 2960 566 3017 est
594 2952 704 3018 verbis
739 2949 813 3037 ὑπὲρ
842 2964 898 3040 της
921 2951 966 3026 εἰς
997 2951 1096 3016 αἰῶνα
1126 2953 1293 3040 διαμονῆς,
1325 2951 1377 3016 vel
1408 2947 1483 3034 ὑπὲρ

145 3071 203 3147 της
226 3062 339 3146 τίχης,
366 3059 416 3122 vel
441 3055 516 3144 ὑπὲρ
540 3071 596 3147 της
619 3065 706 3146 νίκης
727 3064 782 3124 καὶ
805 3065 974 3146 σωτηρίας,
1001 3059 1053 3123 vel
1077 3056 1153 3143 ὑπὲρ
1177 3064 1331 3145 σωτηρίας
1354 3061 1408 3121 καί
1431 3055 1481 3120 αὶ-

146 3171 238 3230 ωνίοο
261 3169 349 3252 νίκης
371 3175 423 3230 τοῦ
440 3163 674 3251 αὐτοκράτορος.
724 3165 872 3232 Graecae
889 3175 996 3231 autem
1015 3165 1089 3230 huic
1106 3164 1287 3246 particulae
1308 3165 1405 3246 plane
1428 3182 1477 3228 re·

146 3272 286 3352 spondet
309 3271 414 3336 latina
437 3269 513 3352 ‘pro’
538 3273 591 3337 vel
623 3270 699 3353 ‘pro‘
723 3273 849 3337 salute’.
888 3273 1045 3354 Exempla
1077 3290 1155 3339 vero
1193 3271 1289 3335 huius
1325 3270 1483 3334 formulae

35 3460 38 3464 .
146 3379 309 3461 permulta
350 3387 500 3458 exstant,
555 3380 645 3445 velut
687 3380 824 3461 legimus
875 3379 951 3465 ὑπὲρ
998 3382 1152 3463 βασιλέως
1198 3376 1393 3464 Πτολεμαίου
1430 3381 1485 3440 καί

147 3484 335 3570 βασιλίσσας
358 3485 564 3572 Κλεοπάτρας
589 3486 674 3553 OJG
701 3489 798 3565 4703,
823 3489 926 3562 4841,
952 3487 1057 3561 4859,
1083 3487 1187 3558 4893,
1211 3485 1315 3557 4919,
1340 3484 1427 3549 5073
1451 3490 1485 3547 et

147 3590 225 3676 ὑπὲρ
249 3590 473 3678 αὐτοκράτορος
498 3591 660 3678 Καίσαρος
682 3597 759 3666 κτλ,
785 3592 871 3659 cJG
888 3594 1119 3666 4714-4716,
1146 3610 1228 3672 qliae
1252 3589 1483 3671 inscriptiones

147 3718 220 3764 cum
245 3711 359 3765 nostra
383 3701 477 3781 plane
508 3713 699 3782 congruunt.
746 3702 894 3783 Cognata
925 3709 976 3764 est
1000 3700 1050 3763 vis
1071 3697 1257 3779 'particulae
1281 3695 1330 3761 ἐπί
1356 3727 1397 3752 --
1421 3698 1480 3760 sub
1549 3689 1553 3697 ’

149 3825 259 3888 regno,
292 3825 375 3886 quae
399 3807 506 3871 rarius
535 3827 607 3872 cum
640 3809 769 3872 nomine
802 3807 1023 3888 imperatoris,
1056 3804 1248 3887 saepissime
1285 3822 1355 3868 oum
1387 3801 1483 3867 nomi·

147 3913 245 3977 nibus
269 3913 519 3994 magistratuum
544 3914 717 3980 coniuncta
740 3915 915 3979 invenitur.

261 4020 354 4084 Haec
371 4028 540 4100 postquam
557 4022 597 4086 ad
621 4021 714 4086 finem
741 4022 886 4102 perduxi,
912 4020 945 4084 in
964 4039 1080 4085 manus
1104 4018 1183 4083 mihi
1209 4018 1302 4083 venit
1318 4017 1483 4082 Commen-

27 4212 30 4216 .
149 4127 300 4192 tariolnrn
334 4128 582 4208 grammaticum
606 4129 653 4195 lV
687 4128 896 4208 praemissum
929 4127 1032 4191 ludici
1063 4126 1237 4190 lectionum
1268 4124 1477 4205 Gottingens.

152 4234 297 4310 isaaco
322 4236 361 4298 ab
390 4235 540 4300 Udalrico
565 4236 603 4299 de
630 4233 1101 4309 Wilarnowitz-Moellendorff,
1134 4251 1196 4312 quo
1221 4232 1255 4296 in
1279 4231 1361 4295 libro
1387 4249 1481 4310 quarn

149 4339 272 4403 dehoc
297 4360 419 4420 paeane
445 4341 640 4406 Ptolemensi
667 4343 718 4406 vir
742 4342 985 4406 illustrissimus
1010 4340 1151 4420 mihique
1177 4338 1326 4420 magistri
1351 4337 1480 4401 nomine

150 4445 204 4528 pie
227 4447 378 4512 colendus
402 4449 599 4514 sententiam
624 4449 709 4527 tulit,
736 4470 755 4512 a
780 4449 859 4513 meis
884 4447 1068 4512 rationibus
1099 4465 1162 4510 non
1184 4463 1316 4526 prorsus
1341 4445 1481 4508 alienam

150 4571 224 4620 esse
251 4573 367 4637 magno
400 4576 469 4622 cum
494 4557 612 4639 gaudio
637 4557 783 4639 cognovi.
