3322 5086
241 309 304 380 114
537 305 571 357 G.
595 301 686 372 Vogel,
706 303 792 358 Curae
811 305 917 359 criticae
936 305 962 358 in
983 304 1134 359 Aristotelis
1152 302 1271 361 Politice.

240 505 297 564 tuo
328 500 400 565 iure
423 503 609 582 exspectes3
643 505 740 582 atque
776 522 810 567 re
843 521 923 568 vera
953 501 1120 566 invenitur
1148 502 1214 566 ista.
1243 502 1404 583 expositio
1432 502 1466 566 in
1495 501 1570 567 libri

241 606 350 672 octavi
374 605 480 687 capite
505 606 608 688 primo
633 627 661 686 p.
690 611 785 673 1337·
811 611 939 673 ll-ll
972 607 1016 672 ὅτι
1040 613 1095 694 μὲν
1119 608 1171 673 οὖν
1194 621 1235 693 τῷ
1259 611 1413 694 νομοθέτη
1431 612 1571 694 μάλιστα

238 723 487 803 πραγματευτέον
510 723 580 803 περὶ
603 723 657 804 την
681 729 739 781 τῶν
764 722 838 780 νέων
862 717 1014 790 παιδείαν,
1046 716 1146 789 οὐδεὶς
1166 716 1202 780 άν
1219 715 1494 803 ἀμφισβητήσειεν·
1518 722 1572 780 καί

237 828 296 909 γὰρ
320 823 351 887 ἐν
375 836 443 898 ταῖς
470 824 594 888 πόλεσιν
626 823 661 888 οὐ
690 830 847 908 γινόμενον
877 832 964 885 τοῦτο
994 825 1122 905 βλάπτει
1152 828 1207 896 τάς
1234 826 1404 896 πολιτείας·
1437 824 1484 886 δεῖ
1513 828 1571 906 γάρ

237 935 314 1015 πρὸς
337 929 470 1018 ἑκάστην
493 932 713 995 παιδεάεσθαι·
746 935 779 994 τὸ
807 933 867 1012 γὰρ
890 929 970 1017 ἦθος
992 942 1047 1018 της
1070 934 1224 1000 πολιτείας
1248 929 1379 1017 ἑκάστης
1402 934 1435 993 τὸ
1459 928 1571 993 οἰκεῖον

237 1042 291 1101 καὶ
314 1040 474 1125 φυλάττειν
499 1037 592 1102 εἴωθε
616 1043 670 1125 τὴν
694 1040 848 1102 πολιτείαν
872 1041 926 1100 καί
949 1040 1132 1122 καθίστησιν
1156 1036 1188 1108 ἐξ
1213 1036 1328 1125 ἀρχῆς,
1358 1036 1421 1101 οἷον
1452 1040 1485 1099 τὸ
1517 1041 1571 1119 μὲν

238 1145 465 1231 δημοκρατικὸν
500 1145 709 1232 δημοκρατίαν
744 1148 777 1207 τὸ
810 1143 835 1207 δ’
874 1141 1070 1229 ὀλιγαρχικὸν
1103 1141 1293 1229 ὀλιγαρχίαν.
1341 1143 1469 1227 Quibus
1499 1162 1569 1208 oum

238 1250 349 1317 verbis
380 1251 408 1314 si
441 1270 523 1332 quae
553 1252 592 1315 de
623 1250 766 1338 moribus
795 1249 912 1315 civium
949 1270 989 1315 ex
1023 1249 1195 1330 disciplina
1230 1261 1327 1330 atque
1360 1250 1572 1315 institutione

238 1376 410 1438 puerorum
435 1357 647 1423 nascentibus
671 1378 700 1438 p.
721 1355 819 1423 1333·
837 1359 877 1421 14
900 1365 934 1421 et
960 1359 1057 1422 1332*
1078 1359 1120 1422 39
1145 1357 1353 1438 philosophus
1377 1357 1572 1440 disputavit,

238 1464 474 1546 composueris,
499 1465 595 1546 plane
618 1465 732 1545 opinor
763 1465 823 1529 tibi
854 1457 1066 1545 persuadebis
1094 1464 1151 1528 illo
1183 1465 1251 1529 loeo
1281 1463 1356 1529 libri
1380 1463 1489 1544 quinti
1513 1483 1572 1529 nos

239 1571 280 1636 ad
303 1570 449 1652 primum'
467 1576 564 1652 eaput
587 1571 664 1637 libri
687 1571 795 1637 octavi
819 1570 970 1654 relegari.

1305 1713 1344 1780 G.
1376 1713 1480 1798 νομοί.
