3322 5086
644 337 684 390 Ile
703 334 801 390 iudicio
818 334 938 394 Iuniano.
1393 336 1454 402 197

118 530 246 596 dedisse
262 530 307 613 (id
324 533 409 613 quod
426 525 598 598 accusator
614 529 760 597 Cluentii
778 529 1014 613 affirmaverat)
1037 530 1153 596 merito
1177 530 1289 597 Cicero
1312 529 1456 611 explodit

119 641 150 717 (ξ
168 639 231 717 84).
272 639 335 706 Sed
353 658 425 703 cum
450 639 555 720 fingat
570 637 647 702 inde
664 626 852 703 Cluentium
877 636 1012 702 crimine
1029 637 1154 703 absolvi
1170 637 1311 715 nimium,
1328 640 1454 719 probat.

119 743 225 810 Simili
249 745 391 811 artificio
408 765 449 809 ex
473 745 569 825 culpa
585 744 772 827 Oppianici,
798 763 893 824 quam
918 743 1124 810 manifestam
1149 743 1249 809 luisse
1265 743 1354 818 dicit,
1381 742 1455 808 huic

118 851 178 916 soli
196 871 325 916 causam
348 850 451 916 luisse
475 850 599 915 iudices
616 850 843 932 corrumpendi
862 849 973 915 efficit.
1011 851 1126 931 Neque
1142 870 1219 916 vero
1244 850 1312 932 ipse
1328 850 1454 932 culpam

119 957 292 1041 Oppianici
308 957 471 1040 probavit.
509 956 596 1023 Nam
613 977 653 1023 ne
670 957 748 1039 quid
764 957 870 1022 dicam
887 957 927 1022 de
943 957 1056 1022 multis
1071 976 1109 1022 ac
1125 956 1260 1023 nefariis
1277 957 1454 1023 sceleribus

118 1064 299 1146 Oppianico
323 1064 546 1146 exprobratis,
579 1071 713 1148 propter
736 1083 819 1145 quae
842 1063 871 1128 is
896 1082 972 1128 reus
1003 1082 1068 1128 nou
1092 1064 1213 1140 factus
1244 1064 1360 1129 nedum
1384 1084 1453 1130 con·

118 1173 288 1237 damnatus
318 1175 385 1235 est:
422 1171 526 1252 ipsum
563 1162 644 1236 illud
679 1170 817 1249 crimen,
842 1191 906 1252 quo
930 1191 1002 1238 cnm
1025 1171 1222 1238 Scamandro
1246 1177 1280 1237 et
1302 1170 1454 1237 Fabricio

118 1279 159 1342 ad
176 1276 364 1344 Cluentium
382 1295 508 1343 veneno
532 1278 710 1342 tollendum
729 1296 796 1342 rem
814 1277 1104 1344 communicavisse
1127 1277 1344 1357 insimulatur,
1368 1276 1455 1343 infir·

118 1383 273 1477 missimis
309 1383 514 1467 argumentis
551 1384 682 1450 nititur.
731 1384 922 1451 Cavendum
957 1385 1062 1467 igitur
1096 1391 1147 1450 est
1181 1385 1222 1450 ne
1257 1382 1456 1465 decipiamur

118 1489 259 1572 argutiis
289 1490 408 1571 quibus
432 1477 560 1570 utitur,
594 1509 667 1556 cum
698 1511 758 1574 pro
790 1491 989 1557 Scamandro
1021 1496 1056 1557 et
1086 1491 1236 1556 Fabricio
1267 1497 1456 1558 constanter

118 1596 293 1679 Oppianici
321 1617 438 1662 nomeu
460 1597 642 1663 substituat
670 1600 705 1685 (ἓ
734 1599 786 1663 20.
816 1599 860 1663 43
888 1599 952 1682 al).
1000 1601 1103 1665 Immo
1127 1597 1299 1680 Oppianici
1328 1599 1454 1681 culpam

118 1724 188 1770 cum
219 1723 283 1769 non
306 1704 585 1771 demonstraverit
612 1704 745 1782 Cicero,
787 1704 920 1771 videtur
951 1725 1014 1771 nou
1044 1705 1188 1788 potuisse
1217 1705 1453 1773 demonstrare:

118 1831 177 1877 nec
207 1814 279 1877 sine
309 1829 410 1876 causa
440 1812 617 1894 suspiceris
645 1811 805 1879 Cluentii·
826 1811 898 1878 odio
930 1820 964 1878 et
994 1812 1111 1879 fraude
1142 1821 1209 1878 tum
1240 1811 1454 1896 Oppianicum

118 1919 280 1984 insontem
303 1936 375 1984 esse
399 1937 599 2000 oppressum.

230 2025 331 2092 Certe
347 2044 389 2091 ex
405 2026 476 2108 ipso
499 2025 613 2092 iudicii
629 2032 751 2093 eventu
772 2026 955 2093 luculenter
972 2032 1108 2110 apparet
1124 2026 1309 2095 Cluentium
1333 2026 1455 2094 iudices

119 2134 255 2216 pecunia
279 2131 414 2215 cepisse.
462 2132 709 2200 Condemnatns
736 2133 824 2199 enim
848 2143 900 2200 est
924 2134 1139 2217 Oppianicus,
1170 2135 1251 2201 vicit
1273 2133 1453 2202 Cluentius.

119 2246 230 2324 Atque
255 2239 555 2306 condemnaverunt
577 2239 680 2316 illum,-
706 2259 778 2306 cum
796 2241 927 2307 omnino
952 2241 1091 2324 triginta
1106 2241 1170 2307 duo
1193 2241 1315 2308 iudices
1333 2247 1453 2320 esseut,

119 2346 337 2431 septendecim
368 2345 507 2425 iudices,
544 2348 565 2413 i.
591 2367 618 2414 e.
650 2353 700 2412 tot
730 2353 811 2429 quot
841 2347 1018 2414 necessarii
1050 2354 1160 2416 essent
1190 2350 1232 2415 ad
1260 2348 1454 2415 senteutiam

120 2455 337 2531 efficiendam
370 2454 587 2520 absolverunt
617 2453 776 2537 quinque,
808 2473 925 2522 novem
950 2474 1013 2521 non
1046 2458 1169 2540 liquere
1192 2455 1354 2522 dixerunt.
1401 2457 1454 2521 ΕΚ

120 2561 338 2646 septendecim
363 2581 442 2628 vero
465 2560 533 2626 illis
556 2561 720 2628 iudicibus
744 2560 801 2643 qui
830 2562 1130 2632 condemnaverunt
1153 2570 1224 2629 octo
1253 2568 1367 2644 postea
1389 2581 1454 2630 cor·

119 2670 207 2753 rupti
231 2669 345 2735 iudicii
369 2668 506 2735 infamia
530 2675 608 2734 sunt
631 2669 791 2751 adspersi.
839 2668 986 2754 Quare,
1021 2676 1058 2736 ut
1082 2670 1130 2736 ait
1153 2668 1310 2736 Bardtius
1343 2673 1385 2752 (p.
1411 2672 1453 2752 7),

119 2779 218 2844 etiam
255 2775 370 2842 Cicero
407 2775 441 2840 in
476 2777 650 2860 augustias
685 2777 872 2858 compulsus
907 2782 974 2858 est;
1015 2797 1078 2860 quo
1112 2776 1290 2842 studiosius
1325 2776 1455 2843 nomina
1494 2767 1498 2776 ’

120 2885 249 2966 quaerit
264 2883 410 2950 virorum
432 2884 526 2977 nullo
549 2885 642 2950 modo
659 2891 895 2967 suspectorum,
921 2885 977 2967 qui
1000 2884 1286 2950 condemnaverint
1302 2883 1455 2966 Oppiani·

119 3010 199 3057 cum.
245 2992 302 3055 Ita
325 2989 458 3055 nomina
481 2990 579 3057 aiicrt
601 2998 757 3073 tanquam
783 2991 906 3058 selecta
928 3011 969 3058 ex
991 2991 1114 3058 maiore
1137 3010 1269 3057 numero
1293 2991 1454 3057 hominum

120 3102 343 3165 obscurorum
357 3115 490 3176 novem,
523 3097 578 3180 qni
610 3118 682 3164 cnm
707 3099 799 3164 nulla
828 3099 931 3165 inusti
955 3105 1067 3165 essent
1091 3107 1182 3174 nota,
1215 3118 1269 3165 eos
1300 3103 1453 3179 tanquam

121 3187 319 3288 exemplaria
343 3204 480 3271 virtutis
504 3211 539 3270 et
562 3204 745 3287 sapientiae
769 3207 892 3273 laudat.
931 3207 1134 3292 Quamquam
1159 3227 1198 3273 ne
1214 3225 1311 3272 uuum
1328 3205 1454 3288 quidem

120 3313 239 3378 addere
266 3311 391 3393 potuit:
424 3311 578 3377 nimirum
603 3332 644 3378 ex
675 3332 792 3380 novem
818 3313 901 3381 viris
924 3317 965 3402 ab
989 3333 1027 3380 eo
1058 3313 1199 3379 laudatis
1223 3319 1257 3380 ct
1286 3318 1358 3379 octo
1387 3313 1454 3378 illis

121 3418 282 3502 suspectis
314 3418 385 3500 ipse
421 3437 576 3485 numerus
611 3419 756 3486 efficitur
790 3439 900 3486 eorum
932 3420 988 3502 qui
1023 3441 1113 3487 reum
1148 3421 1452 3488 condemnaverunt.

64 3556 66 3559 ·
122 3529 213 3614 Quod
238 3526 350 3609 magni
376 3527 532 3592 momenti
564 3546 636 3593 esse
660 3528 702 3592 ad
733 3527 876 3595 oratoris
907 3529 1220 3612 argumentationem
1251 3535 1338 3594 recte
1361 3527 1454 3594 aesti-

121 3636 268 3703 mandam
294 3634 455 3701 Bardtins
479 3634 579 3700 addit.

26 3739 28 3742 ’
235 3745 281 3808 At
297 3743 363 3808 ¹hoc
386 3742 457 3807 loco
482 3761 598 3809 vereor
622 3761 663 3808 ne
688 3742 848 3809 Bardtius
878 3745 912 3808 iu
936 3762 991 3809 eas
1015 3763 1095 3824 quas
1120 3749 1230 3810 orator
1253 3743 1455 3810 auditoribus

122 3852 252 3932 paravit
275 3849 415 3915 insidias
440 3848 604 3914 inciderit.
653 3851 771 3931 Neque
794 3850 881 3916 enim
906 3869 1019 3917 novem
1049 3851 1098 3916 illi
1123 3851 1205 3928 riri,
1238 3870 1316 3934 quos
1341 3851 1454 3918 Cicero

124 3959 145 4046 ξ
172 3960 232 4024 107
259 3964 504 4030 commemorat,
534 3957 599 4038 ipsi
623 3957 673 4022 illi
696 3957 753 4038 qui
776 3964 910 4040 praeter
932 3967 1005 4023 octo
1030 3958 1152 4024 iudices
1176 3965 1342 4040 suspectos
1367 3979 1454 4024 reum

123 4066 424 4130 condemnaverunt
448 4063 663 4147 intellegendi
687 4084 761 4130 esse
784 4065 949 4140 videntur,
974 4067 1032 4130 sed
1056 4087 1096 4131 ex
1113 4084 1243 4131 numero
1260 4085 1331 4132 esse
1346 4067 1453 4132 decem

124 4171 274 4255 iudicum,
299 4171 443 4252 quinon
468 4171 595 4252 liquere
618 4172 783 4238 dixerunt.
819 4172 905 4239 Sane
923 4172 1038 4239 Cicero
1062 4192 1116 4238 eos
1140 4172 1186 4238 ita
1209 4173 1314 4252 affert,
1341 4174 1454 4255 ut‘qu'i

123 4276 323 4343 audiuut'de
347 4296 463 4343 novem
487 4277 650 4344 iudicibus
674 4280 730 4360 qui
754 4279 1044 4346 condemnaverint
1066 4280 1211 4362 cogitare
1228 4281 1386 4347 debeant:
1411 4281 1456 4346 id·

123 4403 183 4464 quc
206 4383 349 4450 voluisse
373 4392 536 4450 oratorem
562 4385 637 4451 inde
660 4385 883 4469 intellegitur,
915 4387 999 4468 quod
1030 4406 1144 4453 novem
1173 4387 1301 4453 uomina
1330 4389 1456 4470 profert

124 4490 381 4572 reticetque'ex
417 4492 459 4556 iis
494 4492 548 4573 qui
582 4511 645 4558 non
678 4493 806 4574 liquere
835 4491 991 4559 dixerunt
1021 4495 1187 4561 decimum.
1232 4494 1326 4580 Quod
1349 4496 1396 4561 ita
1420 4514 1455 4562 se

125 4599 329 4680 habereque
354 4599 477 4665 certius
501 4607 660 4683 appareat
683 4601 853 4670 Ciceronis
877 4598 981 4684 ipsius
1006 4605 1107 4670 verba
1130 4601 1355 4673 examinemus.
