3322 5086
185 315 260 382 '202
743 314 901 369 Francisous
920 304 978 368 Boll

308 514 376 576 Iam
400 511 569 578 videamus
592 527 751 590 quaenam
783 515 976 592 argumenta
1009 530 1050 576 ex
1082 509 1156 592 ipsa
1180 508 1352 577 Ciceronis
1383 511 1535 578 oratioue

195 617 330 699 petierit
353 617 406 682 vir
429 619 552 683 doctus.
604 615 713 681 Primo
737 615 841 698 igitur
863 617 932 682 loco
964 635 1034 682 cum
1060 617 1182 699 passim
1208 623 1277 683 tum
1313 616 1348 682 in
1373 617 1535 684 orationis

195 712 291 789 initio
322 723 459 789 crimina
491 728 525 788 et
558 721 713 787 invidiam
749 727 899 788 accurate
935 723 1109 806 seiungere
1145 723 1337 790 Ciceronem
1373 723 1534 790 Bardtius

195 831 314 895 statuit
348 835 389 911 (p.
414 832 458 910 3).
514 827 676 912 Quoniam
718 834 826 895 autem
862 828 1000 893 crimina
1032 848 1052 892 a
1085 836 1223 910 patrono
1266 830 1332 896 dici
1374 829 1535 896 veneficia

195 937 329 1005 Cluenti
356 937 478 1002 scelere
509 935 682 1015 instituta,
717 936 872 1004 invidiam
909 933 1023 999 iudicii
1064 935 1199 1000 Iuniani
1233 936 1380 1017 corrupti
1417 955 1534 1019 oppro-

195 1044 301 1110 brium
326 1042 532 1108 manifestum
556 1041 615 1120 sit,
641 1044 724 1107 hanc
747 1061 879 1130 calisam
904 1041 991 1105 inter
1015 1039 1154 1107 crimina
1177 1041 1280 1107 fuisse
1304 1042 1396 1107 etin
1423 1042 1534 1108 libello

195 1149 347 1218 Cluentio
371 1147 531 1214 obiectam
554 1167 626 1215 esse
650 1155 758 1231 negat.
805 1147 870 1215 Sed
893 1166 934 1213 ue
957 1146 992 1213 in
1016 1148 1181 1229 prooemio
1210 1148 1342 1231 quidem
1371 1148 1533 1216 invidiam

194 1261 229 1323 et
250 1254 390 1322 crimina
414 1273 542 1338 semper
569 1255 685 1338 opponi
717 1274 757 1319 ex
781 1259 801 1336 ξ
826 1257 845 1316 8
870 1253 991 1330 elucet,
1026 1254 1081 1320 ubi
1107 1253 1223 1320 Cicero
1254 1255 1306 1321 his
1338 1256 1443 1322 verbo
1475 1254 1534 1320 cri·

129 1401 131 1405 ,
196 1363 293 1429 minis
324 1363 433 1428 eodem
467 1381 563 1428 sensu
595 1362 701 1427 utitur
731 1380 793 1441 quo
823 1359 907 1425 alias
931 1359 1073 1426 invidia:
1105 1361 1384 1444 „Adgrediar'ad
1409 1361 1534 1428 crimen

91 1533 95 1538 .
196 1490 267 1537 oum
291 1470 349 1535 illa
373 1469 620 1550 deprecatione“
642 1475 684 1557 ,et
703 1466 893 1545 „Hodierno
927 1467 1012 1532 enim
1036 1465 1090 1532 die
1114 1467 1254 1548 primum
1280 1467 1404 1534 veteris
1433 1468 1535 1534 istius
1579 1497 1583 1504 ·

195 1576 342 1643 criminis
365 1575 511 1641 diluendi
534 1581 679 1656 potestas
702 1580 754 1639 est
777 1574 884 1638 data“.
932 1574 1047 1654 Neque
1072 1561 1132 1639 hoo
1156 1573 1296 1639 Bardtio
1319 1574 1530 1640 concedimus

182 1684 227 1760 ¹in
252 1682 316 1748 line
341 1681 500 1748 orationis
519 1687 556 1766 (ς
579 1683 658 1763 200)
680 1679 935 1757 ιιθιιιιιιιιιιιιιιι
961 1678 1119 1746 inuidiam
1148 1691 1182 1745 et
1213 1680 1360 1762 pericula
1384 1681 1535 1764 seiungi:

180 1777 324 1857 'immo
317 1795 388 1868 ,tot
411 1785 513 1854 annos
536 1787 569 1858 ιιι
594 1787 688 1853 falsa
702 1785 827 1853 invidia
849 1785 1068 1868 periculisque
1097 1791 1211 1878 versat
1212 1796 1289 1852 um“
1322 1787 1408 1854 nihil
1440 1787 1536 1872 uliud
1576 1829 1579 1833 <

181 1857 359 1987 ,significat
391 1895 457 1960 nisi
488 1894 543 1975 „in
566 1893 677 1960 falsae
692 1892 836 1960 invidiae
860 1892 1014 1975 periculis
1039 1870 1248 1974 versatum“;
1284 1893 1324 1960 ci
1353 1893 1440 1983 §82
1472 1895 1535 1975 „de

194 2001 417 2088 communibus
441 2001 585 2068 invidiae
608 1999 795 2103 periculis‘.

196 2133 221 2171 ·.
306 2108 434 2176 Deinde
467 2107 579 2195 §160
609 2126 688 2173 suae
721 2105 866 2197 opinioni
896 2106 1044 2173 arridere
1068 2107 1229 2175 Bardtius
1260 2107 1324 2174 sibi
1352 2108 1534 2192 persuasit

195 2218 268 2302 Quo
284 2216 354 2296 loco
371 2218 533 2280 oratorem
554 2232 624 2302 cum
645 2212 782 2279 crimina
801 2192 918 2279 ueneni
935 2212 1059 2298 diluere
1079 2213 1248 2296 inciperet,
1262 2215 1405 2282 disertis
1421 2216 1535 2284 verbis

182 2322 381 2389 'discernere
415 2339 469 2386 res
505 2339 608 2402 „quae
644 2319 741 2386 huius
773 2318 975 2401 quaestionis
1007 2326 1140 2386 essent‘⁴
1171 2322 1213 2386 ab
1246 2321 1417 2400 „invidia‘
1443 2330 1535 2391 recte

184 2420 373 2496 contendit.
423 2429 545 2497 Verum
574 2427 696 2493 crimen
727 2425 840 2492 iudicii
870 2426 1017 2508 corrupti
1049 2427 1169 2506 „huius
1192 2427 1409 2510 quaestionis
1436 2437 1533 2497 esse“

183 2520 312 2605 Cicero
336 2521 488 2618 negavit,
520 2553 584 2599 non
615 2533 691 2614 quia
722 2552 759 2599 eo
782 2532 911 2599 nomine
935 2553 1012 2599 reus
1036 2553 1100 2600 non
1130 2544 1219 2602 esset
1252 2535 1444 2613 Cluentius,
1476 2537 1534 2603 sed

194 2643 272 2726 quia
294 2639 366 2726 lege
390 2641 553 2724 Cornelia,
583 2659 670 2722 „qua
700 2640 783 2724 lege·
803 2642 882 2706 haec
911 2640 1059 2721 quaestio
1089 2651 1163 2707 erat
1190 2641 1407 2722 constituta“,
1433 2662 1534 2725 eques

194 2751 362 2817 Romanus
386 2767 450 2814 non
474 2749 686 2832 tenebatur.¹)
728 2749 777 2813 At
800 2747 881 2811 miro
905 2747 1043 2829 quodam
1066 2768 1179 2814 errore
1202 2748 1256 2815 vi'r
1279 2749 1398 2815 doctus
1427 2756 1534 2817 totum

184 2858 281 2923 ‘hunc
304 2856 410 2922 locum
433 2855 467 2920 in
491 2873 582 2920 suam
611 2867 735 2936 partem
768 2855 899 2919 trahere
931 2853 1075 2934 studuit,
1108 2874 1181 2923 cum
1212 2855 1319 2938 ipsius
1347 2856 1534 2923 sententiae

91 2951 94 2955 ’
194 2963 292 3046 plane
328 2963 485 3028 obstaret.
532 2952 711 3030 Videamus
750 2962 821 3044 ipsa
849 2961 991 3026 oratoris
1022 2964 1141 3028 verba:
1175 2963 1340 3044 „Reliqua
1368 2982 1535 3047 perpauca

195 3077 289 3149 sunt,
323 3088 406 3151 quae
437 3068 514 3149 quia
536 3075 667 3135 vestrae
690 3067 892 3150 quaestionis
915 3075 1011 3134 erant
1033 3068 1154 3134 idcirco
1184 3068 1235 3134 illi
1258 3075 1454 3136 statuerunt
1475 3069 1533 3137 lin·

194 3177 302 3260 geuda
327 3196 397 3241 esse
422 3174 485 3240 sibi
509 3183 543 3240 et
565 3176 768 3258 proferenda,
794 3195 834 3240 ne
858 3175 1000 3240 omnium
1026 3175 1208 3258 turpissimi
1234 3175 1478 3258 reperirentur,
1503 3177 1534 3245 si

195 3285 229 3350 ιιι
261 3283 418 3350 iudicium
452 3281 535 3348 nihil
563 3290 694 3365 praeter
724 3282 880 3353 inuidiam
911 3283 1135 3349 attulissent¹‘.
1185 3282 1276 3348 Hinc
1307 3282 1467 3351 invidiam
1492 3302 1534 3351 ex

193 3388 314 3456 iudicio
338 3389 480 3456 Iuniano
510 3389 543 3454 in
568 3389 754 3456 Cluentium
785 3390 973 3464 conflatam,
1003 3395 1041 3455 ut
1074 3408 1192 3455 nomen
1224 3389 1272 3455 rei
1306 3389 1365 3455 illa
1395 3389 1535 3456 iulamia

194 3497 449 3580 opprimeretur,
488 3495 521 3562 in
561 3496 762 3563 accusatoris
798 3496 944 3561 oratione
980 3496 1085 3562 denuo
1122 3496 1284 3578 prolatam
1320 3485 1393 3563 esse
1428 3515 1534 3578 neque

195 3610 305 3670 taumn
331 3605 364 3668 in
388 3603 500 3668 libello
523 3622 595 3669 eam
618 3622 747 3669 causam
774 3602 875 3668 fuisse
898 3602 1058 3668 Bardtius
1082 3603 1257 3669 concludit.
1307 3603 1410 3686 Atqui
1441 3622 1532 3669 aocu·

195 3718 334 3784 satores,
360 3709 389 3775 si
413 3728 476 3775 non
501 3707 622 3774 crimen
646 3708 773 3788 veneni,
798 3709 854 3774 sed
879 3707 983 3787 „nihil
999 3716 1131 3791 praeter
1146 3709 1307 3776 iuvidiam
1323 3710 1356 3775 in
1376 3709 1531 3776 iudicium

196 3817 416 3895 attulissent“,
450 3836 514 3882 nou
541 3816 746 3898 turpissimos
771 3816 938 3881 nominare
961 3816 1069 3897 potuit
1092 3815 1223 3896 Cicero,
1255 3816 1285 3882 si
1308 3816 1430 3883 Bardti
1462 3835 1533 3883 scu·

198 3923 335 3989 tentiam
360 3923 464 3989 secuti
488 3943 617 3995 causam
642 3923 785 3990 invidiae
809 3923 842 3988 ιιι
866 3922 975 3988 libello
1004 3941 1073 4003 non
1101 3923 1203 3989 fuisse
1236 3931 1442 3990 statuamus:
1475 3923 1534 3989 sed

195 4029 260 4096 iam
285 4014 498 4095 nullomodo
529 4030 681 4096 iudicium
711 4029 782 4095 fieri
814 4029 935 4111 potuit,
971 4048 1042 4095 cunr
1078 4029 1209 4096 omniuo
1239 4030 1323 4095 nihil
1352 4028 1387 4095 iu
1420 4029 1533 4095 libello

306 4225 325 4293 ¹)
344 4227 464 4280 Eundem
483 4228 510 4280 ιιι
529 4228 635 4281 ιιιοιιιιιιι
654 4228 733 4280 etiam
752 4231 768 4296 ᾗ
789 4227 839 4281 164
857 4229 1080 4295 interpretamur:
1112 4225 1286 4296 ‚Cognoscite
1304 4240 1377 4278 nuno
1395 4224 1436 4293 id,
1461 4226 1534 4295 quod

196 4316 229 4368 ad
249 4319 368 4369 vostrum
388 4317 571 4370 iusiurandum
589 4317 718 4385 pertinet,
744 4318 812 4386 quod
832 4317 912 4370 vostri
932 4317 1021 4370 iudicii
1040 4320 1092 4376 est,
1113 4317 1184 4384 quod
1203 4314 1280 4369 vobis
1298 4313 1386 4368 oneris
1404 4312 1535 4383 imposuit

196 4403 291 4470 ealon,
311 4422 364 4473 qua
381 4408 464 4460 coacti
483 4391 536 4459 huc
554 4406 726 4473 convenistis,
751 4407 784 4459 do
803 4406 956 4460 criminibus
976 4405 1096 4460 veneni‘*
1133 4405 1165 4458 lu
1167 4404 1271 4474 tellegit
1292 4403 1365 4458 euim
1387 4406 1531 4471 petronus.

197 4493 338 4560 „Alterum
363 4495 463 4549 crimen
487 4512 537 4551 non
563 4498 605 4550 est
629 4496 709 4552 vestri
736 4495 836 4564 iudicii.
863 4495 924 4595 quia
948 4495 1086 4550 Cluentius
1105 4510 1156 4548 non
1175 4496 1283 4548 senator
1301 4495 1357 4563 est,
1383 4492 1431 4547 sed
1449 4508 1533 4564 eques

197 4533 363 4676 itomanusf‘
