3322 5086
296 301 369 368 ¹lium
389 301 529 368 Cluentius
549 304 581 368 de
601 301 710 367 crimine
729 301 818 365 iudicii
839 303 955 380 corrupti
973 327 1083 364 causam
1102 300 1207 362 dixerit.
1355 301 1434 373 2οιι

81 510 220 578 iudicum
264 511 537 577 constituendum.
598 508 691 592 Quae
733 508 786 572 lex
820 527 892 573 cum
933 506 1103 589 suffragiis
1146 503 1253 586 populi
1288 506 1422 582 accepta

80 624 182 696 esset,
220 621 332 684 statim
366 624 501 682 senatus
534 616 680 680 consulto
707 614 842 679 sublata
873 621 938 690 est;
977 613 1062 693 quod
1093 612 1212 693 quibus
1242 610 1282 674 de
1314 607 1422 673 causis

81 724 203 811 iactum
228 725 288 802 sit,
322 742 396 788 mox
420 721 665 802 explicabimus.
714 721 809 786 Illam
842 721 945 803 legem
974 720 1103 784 Liviam
1133 716 1281 800 proxima
1310 722 1424 779 secuta

81 839 134 898 est
157 833 208 896 lex
223 831 357 896 Plautia
380 827 555 894 iudiciaria
579 833 619 910 (a.
644 830 686 893 89
710 826 865 908 a.wObr.);
889 845 954 905 qua
978 844 1049 892 cum
1074 831 1277 891 statueretur
1300 829 1336 887 ut
1360 822 1423 886 sin·

82 939 178 1020 gulae
203 938 311 1002 tribus
328 937 362 1000 in
379 935 486 1000 album
512 934 653 999 iudicum
672 933 788 1015 quinos
805 934 904 997 denos
921 933 1011 998 cives
1031 938 1191 1009 crearent,
1217 928 1424 996 senatoribus

76 1044 225 1128 ¹facultas
245 1042 373 1108 reddita
390 1046 449 1125 est,
476 1047 513 1104 ut
528 1039 652 1124 iudices
670 1040 796 1105 fierent.
809 1041 831 1121 ¹)
870 1034 1000 1104 Deinde
1017 1039 1055 1104 L.
1074 1039 1166 1106 Sulla
1181 1039 1255 1118 lege
1271 1035 1426 1103 Cornelia

83 1150 205 1216 iudicia
228 1150 345 1215 iterum
374 1146 508 1235 senatui
539 1145 681 1228 tribuit„
704 1164 798 1226 quem
824 1144 982 1227 trecentis
1007 1144 1171 1227 equitibus
1203 1143 1437 1225 suppleverat„

84 1255 176 1340 Quae
205 1255 345 1340 denique
372 1272 490 1341 causae
521 1252 645 1318 fuerint
669 1262 707 1317 ut
736 1252 789 1317 lex
818 1250 958 1323 Aurelia
987 1251 1161 1316 iudiciaria
1185 1251 1253 1328 On..
1273 1249 1425 1332 Pompeio

84 1364 132 1428 M.
158 1361 279 1428 Crasso
303 1360 443 1451 primum
467 1359 660 1448 <consulibus
685 1358 964 1441 promulgaretur,
993 1357 1057 1423 iam
1082 1377 1182 1438 supra
1204 1355 1423 1444 exposuimus.
1473 1406 1476 1413 .

81 1532 84 1538 .
186 1469 320 1535 ¹Verum
346 1466 385 1542 O,
407 1462 577 1555 Gracchus
601 1473 776 1546 antequam
808 1465 880 1547 lege
910 1463 1086 1538 iudiciaria
1108 1462 1275 1545 equitibus
1307 1456 1426 1528 iudica·

85 1575 207 1640 tionem
224 1574 324 1652 dedit,
341 1568 530 1637 senatorum
548 1592 650 1654 prava
666 1571 788 1644 iudicia
803 1571 919 1637 tollere
934 1561 1129 1636 instituerat
1144 1570 1215 1652 lege
1232 1567 1429 1650 Sempronia

85 1700 114 1746 a.
143 1682 206 1745 124
230 1699 258 1744 a.
285 1679 379 1746 Cha:
406 1679 544 1760 nequis
568 1677 690 1764 iudicio
705 1677 843 1761 publico
867 1657 1213 1758 circumveniretur'h
1246 1672 1321 1760 Qua
1343 1675 1424 1757 lega,

87 1785 233 1884 eumad
254 1780 424 1875 senatores
455 1791 528 1873 taut
530 1803 583 1850 um
614 1791 688 1870 pert
674 1783 810 1866 tineret,
842 1783 961 1866 quippe
984 1782 1040 1864 qui
1065 1789 1134 1857 tum
1162 1787 1274 1848 erant
1290 1781 1424 1861 iudices

86 1913 137 1959 ne
152 1901 267 1978 postea
291 1869 419 1980 quidem
443 1869 580 1972 equites
606 1910 677 1956 cum
702 1889 767 1972 ipsi
791 1888 912 1974 iudicia
935 1895 1138 1986 exercerent,
1168 1907 1242 1977 sese
1264 1887 1429 1976 adstringi

87 2000 174 2066 exist
160 2000 335 2070 timebant·
308 1998 421 2083 >et
433 1999 577 2080 protecto
592 2016 768 2082 numquam
778 2016 817 2063 ea
830 1997 932 2080 lege
914 2015 1048 2062 causam
1060 1995 1221 2062 diceban
1252 1973 1296 2060 M
1308 1993 1429 2066 Livius

88 2104 243 2176 Drusus
234 2103 279 2187 igi
284 2114 347 2184 t,ur
373 2124 455 2198 cum
462 2123 541 2170 suae
558 2104 623 2187 legi
640 2103 834 2170 iudiciariae
849 2103 884 2187 id
898 2095 1084 2200 addidisset
1098 2101 1276 2183 quemlibet
1292 2101 1435 2191 crimine

88 2211 244 2293 pecuniae
268 2192 422 2292 acceptae
444 2210 594 2295 accusari
618 2229 726 2292 posse,
742 2228 959 2296 quamquam
969 2209 1002 2282 si
1025 2196 1089 2277 nou
1113 2208 1228 2274 cuncti
1247 2215 1429 2286 senatores
1440 2274 1445 2282 ,

88 2324 123 2383 at
147 2317 288 2413 plurimi
295 2316 326 2383 ei
349 2297 515 2395 favebant,
493 2314 706 2410 t'equitibus
723 2336 786 2382 non
811 2319 980 2401 probatus
993 2322 1061 2390 est:
1086 2315 1229 2397 quicum
1253 2315 1445 2388 eiusmodi

89 2432 281 2507 argumenta
297 2403 475 2508 afferrent,
484 2443 582 2516 quae
607 2416 722 2490 Cicero
754 2428 774 2506 h
801 2425 863 2508 153
886 2424 1029 2509 laudat,¹
1043 2442 1078 2488 re
1105 2441 1186 2488 vera
1209 2422 1338 2489 iudicia
1346 2438 1431 2493 cum

90 2537 207 2606 senatu
231 2532 469 2595 communicare
494 2531 656 2596 nolebant
825 2540 829 2548 ·
1053 2551 1056 2554 ’

202 2638 240 2702 L
265 2636 357 2704 Sulla
386 2642 445 2701 aut
446 2655 495 2701 em
521 2636 554 2701 in
579 2637 682 2720 legem
708 2624 894 2703 Corneliam
926 2635 1006 2701 de
989 2605 1120 2701 sicariis
1145 2641 1179 2701 et
1202 2635 1366 2725 veneficis
1380 2636 1430 2703 itu

89 2744 193 2826 legem
218 2742 442 2825 Semproniam
467 2744 506 2808 de
530 2743 663 2809 indiciis
687 2743 851 2827 corruptis
875 2742 1019 2828 recepit
1049 2749 1091 2808 ut
1096 2743 1309 2809 senatorium
1334 2744 1427 2809 modo

91 2849 246 2936 ordinem
267 2849 507 2944 adstringeret:
544 2850 636 2941 cuius
671 2849 719 2914 rei
752 2868 883 2934 causam
909 2849 974 2934 iam
999 2869 1099 2931 supra
1122 2849 1427 2918 demonstravimus.

92 2957 156 3023 Sed
185 2962 355 3037 postquam
382 2955 619 3038 lege'Aurelia
641 2955 815 3022 iudiciaria
842 2957 953 3023 album
978 2955 1120 3022 iudicum
1145 2955 1427 3036 exsecutoribus,

91 3063 274 3144 equitibus,
309 3062 452 3150 tribunis
476 3063 615 3128 aerariis
639 3063 854 3142 constitutum
879 3073 947 3141 est,
983 3081 1086 3130 novas
1110 3062 1266 3129 victorias
1290 3063 1430 3130 maxime

91 3170 218 3252 legibus
243 3169 386 3236 Gabinia
417 3177 451 3235 et
482 3170 624 3235 Manilia
654 3170 826 3251 populares
856 3155 1119 3253 reportaverunt.
1176 3169 1317 3252 Equites
1348 3189 1433 3260 vero

92 3295 163 3342 cum
188 3277 248 3341 hoc
272 3277 341 3357 ipso
366 3283 511 3358 tempore
536 3277 714 3359 „optimum
735 3277 799 3343 sibi
815 3283 988 3358 patronum
1005 3284 1155 3357 senatum
1172 3275 1299 3361 esse‘ss)
1324 3278 1433 3351 denuo

94 3376 336 3467 intellegerenh'
358 3383 424 3450 iam
449 3384 541 3449 brevi
565 3388 640 3464 post
655 3383 760 3476 legem
775 3383 945 3450 Aureliam
956 3382 997 3466 *in
1014 3383 1146 3449 iudiciis
1162 3384 1219 3450 illa
1236 3384 1436 3470 „concordia

93 3481 264 3553 ordinum‘²
290 3489 421 3554 institui
446 3495 560 3572 coepta
584 3501 648 3568 est,
674 3508 756 3569 quae
780 3491 929 3571 quamvis
952 3509 1025 3556 cum
1050 3490 1083 3555 in
1108 3492 1169 3556 bac
1192 3491 1340 3568 oratione
1361 3495 1434 3563 tum

95 3597 128 3660 in
153 3595 354 3662 Catilium-ia
377 3597 438 3676 IV,
453 3599 483 3673 ι,
504 3595 577 3678 15⁵)
602 3595 729 3678 magnis
753 3616 773 3661 a
796 3596 954 3682 Cicerone
976 3597 1130 3663 laudibus
1154 3597 1318 3678 efferatur,
1343 3598 1451 3689 haud⁴

94 3703 200 3767 minus
224 3703 331 3767 obfuit
354 3722 449 3785 quam
475 3710 610 3770 senatus
634 3703 731 3768 unius
755 3703 877 3770 iudicia
901 3723 941 3770 ne
964 3703 1054 3770 iusta
1078 3704 1233 3772 iudicatio
1259 3706 1360 3781 fieret.

205 3861 222 3928 ¹)
241 3863 277 3917 ib.
296 3862 360 3915 111¹
381 3863 439 3917 115.

203 3949 223 4020 ἰ
243 3967 290 4019 pro
310 3951 413 4005 Cluent.
433 3953 450 4021 ξ
473 3952 531 4006 151.

204 4039 225 4108 ³)
243 4041 278 4095 ib.
298 4043 313 4109 5
333 4040 400 4095 154:
432 4041 638 4110 „intellegebant
653 4042 724 4094 enim
743 4058 775 4095 ea
792 4041 851 4112 lege
870 4046 1023 4111 equestrem
1042 4044 1160 4099 ordinem
1179 4059 1231 4098 non
1250 4044 1362 4100 teneri.“

205 4129 226 4194 ⁴)
247 4130 410 4198 Mommsen,
430 4130 507 4184 nom.
527 4132 623 4185 Gesch.
643 4131 692 4198 ΙΙΙ,
714 4131 772 4195 107.

204 4218 225 4285 ⁵)
245 4217 333 4285 „Quid
353 4236 401 4288 ego
420 4220 522 4288 equites
542 4219 674 4273 Romanos
693 4220 918 4274 commemorem?
943 4223 988 4290 qui
1009 4223 1083 4276 vobis
1103 4223 1285 4288 (senatoribus)
1304 4223 1343 4278 iu
1359 4239 1434 4280 surn-

98 4324 168 4361 mam
188 4307 288 4360 ordinis
306 4308 461 4378 consiliique
487 4310 635 4362 concedunt
662 4313 692 4362 ut
720 4308 857 4363 vobiscum
881 4309 914 4361 de
933 4327 1023 4364 amore
1043 4311 1202 4381 reipublicae
1221 4315 1339 4378 certent;
1367 4331 1440 4383 quos.

97 4414 131 4450 ex
150 4396 296 4450 multorum
315 4413 444 4450 annorum
457 4398 619 4451 dissensione
639 4398 718 4450 huius
736 4397 834 4450 ordinis
847 4397 881 4450 ad
894 4403 1049 4454 societatem
1062 4401 1281 4469 concordiamque
1295 4407 1432 4457 revocatos

97 4487 241 4540 hodiernus
266 4486 322 4539 dics
341 4486 479 4540 vobiscum
497 4490 576 4556 atque
595 4487 661 4539 haec
687 4503 766 4540 causa
784 4485 951 4557 coniungit‘3
981 4490 1042 4542 vide
1061 4491 1094 4544 ad
1114 4490 1275 4557 „hodiernus
1294 4490 1351 4545 dies
1370 4509 1431 4546 oon-

98 4576 199 4645 iuugit“
218 4576 305 4648 adnot.
331 4575 428 4630 Halmi.
451 4607 480 4615 -
501 4576 642 4629 Praeterea
660 4576 779 4629 conferas
798 4576 824 4628 in
843 4575 899 4630 eat.
918 4578 966 4647 Iv,
986 4578 1020 4632 22
1046 4582 1073 4631 ot
1091 4595 1158 4647 quae
1178 4577 1299 4632 Halmius
1317 4580 1434 4639 odeum

98 4666 186 4720 locum
205 4664 301 4720 attulit.
