3322 5086
535 1402 609 1500 De
648 1432 797 1501 causa
834 1401 1104 1545 Polystrati

772 1635 879 1704 soripsit

614 1788 754 1882 Paulus
775 1748 1036 1881 fflldcbrandt.
1119 1754 1121 1758 ι

256 2019 360 2111 Ωιιεθ
376 2018 410 2084 in
427 2038 559 2100 corpore
574 2017 760 2101 orationum
773 2017 988 2102 Lysiacarum
1006 2017 1167 2101 vigesima
1184 2025 1373 2099 numeratur
1388 2021 1493 2087 oratio

158 2146 214 2208 pro
231 2127 419 2208 Polystrato
444 2144 529 2190 anno
553 2124 687 2190 circiter
701 2121 770 2202 410
787 2124 902 2196 habita
918 2132 1053 2206 propter
1072 2126 1255 2208 argumenti
1272 2113 1492 2192 difficultatem

158 2221 447 2315 saepiusvirorum
464 2234 630 2298 doctorum
646 2231 760 2303 ,studia
776 2231 933 2296 exercuit.
966 2233 1007 2296 ln
1024 2232 1088 2313 quo¹
1104 2233 1295 2324 explicando
1311 2234 1344 2297 id
1357 2235 1494 2300 maxime

88 2338 89 2341 ’
158 2340 385 2422 quaerendum,
401 2340 557 2421 quomodo
571 2340 651 2418 haec
664 2356 765 2403 causa
777 2338 811 2403 in
825 2357 889 2420 qua
903 2337 1092 2403 ‹telenditur
1103 2340 1311 2422 Polystratus
1324 2342 1494 2406 cohaereat

154 2467 227 2518 cum
257 2441 366 2528 priore
389 2447 543 2540 quadam,
574 2464 639 2527 qua
663 2443 820 2510 cecidisse
844 2464 916 2510 enm
941 2445 1092 2527 pluribus
1116 2441 1196 2511 locis
1219 2456 1493 2516 commemoratur.

159 2556 269 2635 Atque
304 2573 389 2619 nunc
423 2540 552 2634 quidem
585 2552 798 2635 Polystratus
835 2550 868 2617 in
901 2572 1001 2617 causa
1034 2546 1188 2634 εὐθυνῶν,
1223 2555 1244 2619 i.
1272 2550 1301 2620 e.
1333 2557 1494 2630 rationum

160 2662 393 2727 reddendarum
418 2659 549 2726 defendi
565 2659 707 2738 videtur,
733 2660 818 2740 quod
843 2647 1309 2744 quadringentorumimperii
1332 2663 1494 2744 particeps

159 2768 270 2851 fuit:¹)
304 2768 390 2832 idem
419 2773 527 2832 autem
557 2767 670 2840 statim
695 2774 771 2847 post
795 2766 1048 2832 dominationem
1073 2767 1382 2849 quadringentorum
1407 2788 1493 2834 ever-

156 2893 226 2966 sam
244 2872 351 2960 (εὐθὺς
367 2878 444 2960 μετὰ
459 2877 497 2938 τὰ
512 2878 679 2960 πράγματα
695 2877 720 2954 ξ,
733 2875 788 2958 22)
812 2873 846 2937 in
871 2872 922 2938 ins
938 2881 1076 2940 vocatus
1097 2875 1392 2963 condemnatosque
1412 2884 1491 2940 erat.

269 2982 374 3066 Quam
410 2972 570 3059 actionem
606 2969 738 3066 cum}
764 2982 811 3044 11.
841 2981 890 3045 14.
918 2982 960 3044 22
990 2979 1156 3064 significat
1190 2987 1301 3046 orator
1321 2981 1411 3061 stum¹
1432 3001 1493 3047 uno

159 3085 229 3154 luco
253 3094 273 3170 ξ
301 3080 344 3154 18
364 3079 580 3153 disertiusin
604 3073 747 3152 iudicum
774 3086 962 3153 memoriam
987 3096 1138 3154 revocat:
1163 3093 1218 3154 aut
1243 3093 1284 3176 μὴ
1308 3093 1493 3176 θαυμάζετε,

162 3189 317 3280 ὡᾶνδρες
339 3192 492 3272 δικασταί,
516 3193 562 3259 ὅτι
584 3205 719 3258 τοσαῦτα
744 3192 829 3282 ὦφλε
853 3201 1012 3282 χρήματα.
1051 3196 1166 3284 ἔρημον
1188 3186 1254 3281 γὰρ’
1271 3194 1359 3262 αὐτὸν
1383 3201 1495 3280 λαβόν-

162 3329 218 3382 τες,
243 3296 335 3367 abaco
359 3327 390 3365 τε
413 3307 468 3366 καὶ
490 3300 577 3389 ἡμῶν
600 3312 846 3390 κατηγοροῦντες
869 3301 959 3366 εἷλον.
1001 3303 1065 3368 Ubi
1090 3303 1174 3384 quod
1198 3322 1255 3384 pro
1280 3305 1412 3386 vulgata
1435 3305 1493 3369 leo-

163 3411 248 3475 tione
272 3408 390 3497 ἐρήμην
414 3409 571 3474 Reiskius
597 3408 747 3473 restitnit
771 3398 887 3497 ’ἔρημον
911 3409 975 3474 iam
1005 3409 1037 3474 in
1068 3410 1178 3475 codice
1202 3409 1352 3476 Palatino
1382 3420 1494 3477 extare

162 3517 307 3599 aprima
332 3536 429 3581 rnanu
452 3499 631 3582 correctum
657 3515 900 3582 resonantias
924 3507 1178 3598 (HermsBerol.
1197 3517 1263 3599 XI,
1287 3521 1363 3599 209)
1387 3520 1493 3599 codice

163 3626 265 3690 denuo
288 3625 406 3689 collato
431 3630 586 3691 testatur.
635 3623 802 3690 Scribitnr
834 3617 919 3688 enim
950 3622 1050 3710 ἔρήμ““
1074 3631 1210 3705 utroque
1240 3633 1273 3690 et
1303 3636 1437 3690 accentu
1461 3636 1493 3692 et

164 3731 348 3814 compendio
373 3731 501 3804 addito,
528 3732 584 3796 sed
610 3737 749 3797 accentu
773 3749 874 3812 snpra
896 3755 917 3818 q
941 3731 1088 3796 litteram
1112 3731 1233 3812 deleto,
1267 3738 1303 3797 ut
1325 3733 1492 3798 librarium

163 3840 273 3929 ἔρημαν
296 3839 422 3903 efficere
447 3838 590 3903 voluisse
614 3847 782 3934 appareat.
1081 3852 1085 3857 ·

166 3952 169 3957 ⁴
275 3936 393 4014 Verbis
421 3953 531 4011 autem
561 3945 676 4033 tpqpoi
701 3942 793 4010 ἀὐτὸν
818 3948 966 4029 λαβόντες
990 3943 1071 4010 εἷλον
1101 3945 1183 4010 nibil
1206 3945 1295 4011 aliud
1316 3938 1493 4028 significari

164 4048 292 4120 videtur
312 4039 392 4117 nisi
429 4053 656 4134 Polystratum
689 4055 860 4118 absentem
899 4053 1147 4118 corrdemnatnm
1187 4053 1310 4134 esse:²)
1350 4053 1494 4135 idemque

164 4145 426 4242 ray101·i1s‚'qui
459 4160 576 4248 ἐρήμην
608 4159 765 4224 traditrnn
800 4156 942 4234 invenit,
976 4159 1064 4224 sacili
1089 4154 1275 4225 coniectura
1299 4156 1414 4248 &puppim
1437 4166 1494 4246 γὰρ

165 4264 243 4351 αὐτῷ
266 4269 416 4353 λαχόντες
440 4274 609 4332 assecutus
632 4274 693 4332 est.
1080 4262 1082 4266 ’
1479 4265 1483 4274 “

270 4462 290 4529 ¹)
309 4462 398 4515 Cl.²R.
418 4462 575 4531 Schoellius,
588 4464 628 4517 ‘de
647 4463 786 4532 synagoris
805 4463 910 4532 Atticis,
929 4462 1011 4515 Jeuaa
1033 4462 1120 4532 1815,Ι
1131 4481 1156 4533 p.
1170 4463 1232 4517 22:
1257 4479 1260 4485 ·
1336 4499 1339 4504 -
1419 4447 1429 4458 ⁸
1481 4483 1484 4490 ·

255 4550 347 4620 ·²)·Of.
367 4553 486 4633 Maierus
502 4554 542 4606 de·
554 4554 630 4612 bouis
649 4554 837 4612 damnatorum
856 4571 881 4622 p.
903 4553 954 4606 182
974 4557 1027 4616 not,
1048 4552 1090 4618 30.
1115 4587 1126 4594 --
1138 4586 1151 4593 ,.
1253 4612 1255 4618 y
1316 4609 1319 4615 ,

191 4650 405 4708 commentationes
419 4650 587 4705 philologlcue.
1308 4660 1339 4714 12
