3324 5078
590 342 596 357 ¹-
686 317 727 369 De
745 313 843 368 iudicio
862 292 981 369 Iuniano.
1439 317 1500 380 199

272 508 361 575 Sine·
386 511 484 576 dubio
520 511 600 575 haec
636 515 735 589 atque
771 509 851 574 talia
886 516 1006 599 orator
1027 510 1227 577 vociferatus
1262 514 1358 574 esset.
1406 509 1501 594 Quod

161 614 265 697 igitur
296 616 456 682 Bardtius
492 615 629 680 difficile
657 614 809 680 Ciceroni
847 615 950 681 fuisse
986 616 1156 682 existimat
1192 614 1321 680 nomina
1356 615 1500 682 virorum

161 722 364 805 integrorum
390 723 445 804 qui
469 714 761 787 condemnaverint
785 721 1002 803 Oppianicum
1027 721 1183 805 proferre,
1208 731 1294 786 11111
1318 721 1501 788 existimat:

161 831 245 911 quod
281 835 390 895 autern
428 832 524 908 putat
558 826 632 891 illos
668 848 784 894 novem
820 827 911 893 viros
938 848 1025 903 ¹eurn
1065 828 1332 894 condemnavisse
1359 824 1501 909 ¹ideoque

163 937 310 1002 homines
335 937 507 1013 11111111,
532 953 613 1026 cunr¹
629 935 714 1000 sorte
738 933 919 1020 ignominia
943 935 1033 998 nulla
1056 933 1164 999 affecti
1189 934 1272 1011 sint,
1303 935 1500 1000 1111111111-

137 1042 256 1109 dibus
290 1040 421 1118 extolli,
450 1058 517 1105 non
553 1047 642 1106 recte
675 1041 809 1107 iudicat.
856 1039 1326 1122 111111111111111111111111
1352 1041 1501 1120 1111111

143 1146 487 1226 condemnavissent,
519 1145 678 1214 invidiam
704 1147 867 1214 bominum
897 1146 1082 1212 evitaturos
1115 1146 1225 1213 fuisse.
1274 1147 1366 1232 Quod
1395 1147 1422 1213 si
1453 1147 1502 1213 ita

160 1261 241 1331 erat,
267 1232 471 1334 nequaquam
496 1257 538 1321 ab
563 1261 694 1320 oratore
717 1260 873 1336 poterant
895 1251 1042 1330 laudari;
1068 1252 1096 1316 is
1121 1252 1205 1318 enirn
1231 1253 1331 1318 1111111
1348 1253 1501 1320 auditori-

159 1362 221 1425 bus
251 1360 424 1437 movisset,
455 1361 484 1426 si
515 1361 607 1427 viros
643 1367 813 1442 suspectos
846 1361 939 1426 velut
971 1362 1089 1441 probos
1113 1363 1210 1438 atque
1235 1359 1380 1449 integros
1403 1360 1501 1426 norni-

162 1471 284 1531 nasset.
333 1467 449 1548 ltaque
478 1487 548 1555 wnon
586 1469 690 1534 solum
726 1467 861 1533 difficile
897 1467 1047 1534 Ciceroni
1086 1465 1188 1530 fuisse
1227 1473 1376 1547 putamus
1411 1467 1501 1532 viros

160 1573 325 1657 integros,
351 1575 406 1656 qui
431 1584 523 1641 reum
548 1576 838 1653 condemnassent,
870 1575 1006 1652 afferre,
1038 1576 1092 1639 sed
1118 1573 1247 1639 omnino
1271 1592 1334 1638 non
1358 1574 1501 1656 potuisse

145 1685 237 1746 eum
272 1681 483 1752 1111111111
517 1679 640 1746 1111111
673 1673 856 1746 iudicamus
892 1686 990 1762 atque
1020 1682 1060 1745 ob
1090 1681 1175 1746 hanc
1207 1699 1336 1746 causam
1371 1680 1503 1746 nomina

163 1805 286 1872 eorum,
310 1788 454 1868 quinon
478 1785 797 1869 liqueredixerunt,
822 1787 870 1854 ita
895 1788 1058 1864 attulisse,
1076 1795 1112 1853 ut
1127 1779 1294 1852 auditores
1312 1786 1501 1869 intellegere

160 1893 261 1959 vellet
295 1913 366 1970 eos,
391 1892 449 1974 qui
481 1892 794 1960 condemnaverunt.
844 1894 970 1980 Quodsi
994 1895 1067 1975 quis
1090 1893 1178 1960 11111
1202 1893 1325 1960 iudices
1342 1904 1414 1957 'reru
1439 1912 1500 1958 me-

160 1999 264 2064 moria
288 2002 434 2079 tenebat,
459 1998 533 2065 sine
555 2000 626 2066 ulla
648 1999 836 2082 suspicione
860 2003 941 2067 baec
964 2000 1095 2067 nomina
1118 1999 1259 2082 accepit,
1288 1997 1342 2082 qui
1372 1997 1501 2080 ignora·

145 2106 253 2180 baut,
292 2124 355 2170 non
387 2105 494 2171 facile
513 2105 596 2172 alios
626 2106 825 2189 cogitabantw
855 2105 920 2173 nisi
953 2107 1058 2190 ipsos,
1102 2105 1155 2188 qui
1192 2107 1499 2172 condemnaverunt.

158 2212 276 2293 Neque
299 2212 385 2278 enim
409 2232 451 2278 ex
474 2232 531 2291 eo,
547 2214 633 2294 quod
657 2212 723 2278 1111
748 2214 926 2296 prudentes
950 2221 985 2280 et
1007 2213 1101 2297 probi
1117 2233 1181 2278 non
1196 2211 1321 2294 liquere
1337 2209 1500 2295 dixerunt,

153 2317 338 2399 wquidquam
360 2337 419 2400 pro
443 2319 552 2384 altera
574 2324 670 2400 parte
694 2319 806 2402 colligi
829 2325 957 2401 potest;
982 2319 1065 2386 nihil
1088 2319 1178 2385 alind
1201 2308 1412 2386 declarabant
1434 2316 1499 2382 nisi

161 2433 350 2507 corruptum
374 2424 531 2505 iudicium
556 2445 592 2492 se
617 2423 796 2506 suspicari:
826 2425 923 2490 111111
947 2445 1006 2507 pro
1029 2446 1084 2492 reo
1109 2427 1216 2509 potius
1241 2425 1325 2508 quod
1347 2424 1396 2491 ita
1419 2410 1499 2490 lece-

158 2539 238 2597 runt
261 2531 476 2613 interpretari
499 2531 632 2608 licebat,
657 2549 731 2596 cum
755 2549 828 2596 eum
852 2533 1067 2598 condemnare
1091 2533 1224 2599 nollent.

270 2640 344 2706 Iam
368 2638 397 2703 si
413 2637 530 2705 Cicero
554 2637 707 2704 hocloco
732 2637 901 2704 auditores
924 2637 957 2703 in
983 2658 1126 2704 errorem
1150 2638 1304 2705 inducere
1328 2639 1439 2724 voluit,
1464 2641 1497 2705 id
1575 2640 1577 2645 ’

162 2745 191 2810 11
216 2744 395 2827 contigisse
419 2763 483 2810 non
507 2744 677 2825 miramur,
709 2763 783 2810 cum
813 2745 1010 2811 novissimus
1042 2764 1167 2827 quoque
1196 2745 1359 2827 interpres
1387 2753 1421 2812 et
1444 2746 1498 2828 qui

159 2855 332 2932 praeterea
355 2849 497 2916 oratoris
521 2849 665 2916 artificia
689 2852 856 2934 sagaciter
885 2871 925 2918 ac
955 2851 1064 2918 sobrie
1093 2859 1317 2934 perscrutatus
1341 2860 1409 2929 est,
1438 2854 1499 2919 bac

158 2957 193 3022 in
218 2977 253 3023 re
277 2957 387 3022 fucum
411 2955 475 3023 sibi
500 2957 573 3022 fieri
597 2975 714 3038 passus
738 2957 793 3023 sit.

146 3108 149 3113 <
177 3113 188 3127 .
271 3064 366 3149 Quod
382 3065 475 3129 modo
492 3064 712 3157 exposuimus,
732 3064 763 3130 si
787 3070 877 3156 recte
899 3084 935 3130 se
959 3065 1065 3147 habet,
1089 3066 1130 3131 ad
1154 3085 1220 3131 rem
1242 3065 1344 3146 ipsam
1362 3065 1497 3130 multum

160 3172 272 3238 valere
296 3169 503 3253 perspicuum
528 3177 596 3236 est:
630 3189 735 3252 neque
765 3170 850 3237 eninr
875 3170 994 3252 reliqui
1019 3190 1134 3238 novem
1166 3171 1306 3251 iudices,
1340 3171 1394 3252 qui
1427 3191 1497 3237 con-

159 3270 414 3361 demnaverunt,
443 3295 514 3342 cum
548 3276 665 3344 Oioero
696 3277 822 3342 nullum
852 3296 961 3343 eorum
992 3279 1128 3344 laudare
1154 3278 1311 3360 potuerit,
1349 3278 1498 3344 meliores

159 3390 237 3449 sunt
260 3383 402 3449 habendi
426 3402 522 3464 quarn
548 3382 598 3447 illi
626 3391 717 3460 octo,
750 3383 868 3465 quibus
899 3391 1014 3466 postea
1046 3385 1127 3451 illud
1161 3368 1313 3451 iudicium
1349 3385 1497 3450 nocuisse

159 3490 289 3557 scimus.
352 3492 475 3558 Omnes
506 3488 620 3572 igitur
659 3490 785 3556 indices
823 3491 1060 3574 septendecim,
1106 3493 1162 3573 qui
1201 3494 1499 3559 condemnaverunt

160 3598 388 3679 Oppianicum,
412 3595 561 3662 homines
586 3597 732 3678 suspecti
757 3598 860 3664 luisse
883 3599 1051 3677 videntur,
1078 3601 1186 3665 decem
1211 3606 1318 3665 autern
1343 3599 1426 3679 illos,
1441 3598 1498 3680 qni

160 3723 222 3769 non
260 3703 385 3786 liquere
416 3703 582 3780 dixerunt,
621 3703 768 3770 homines
803 3706 982 3788 prudentes
1016 3707 1197 3789 probosque
1231 3706 1349 3783 fuisse,
1385 3707 1498 3788 quales

159 3811 275 3878 Oicero
299 3811 369 3892 ipse
393 3830 448 3876 eos
472 3809 650 3888 describit,
682 3830 746 3876 nou
780 3818 832 3877 est
859 3831 919 3901 cur
949 3812 1165 3890 diffiteamur3
1182 3812 1334 3906 ¹denique
1356 3813 1497 3895 quinque

159 3918 293 3996 iudices
319 3918 375 3997 qui
399 3918 631 4001 absolverunt,
654 3919 744 3984 viros
768 3918 917 4003 integros
941 3921 1043 3985 fuisse
1067 3918 1163 3986 l'acile
1186 3918 1355 3985 sumimus:
1388 3919 1496 4000 quisi

68 4075 70 4077 -
158 4046 220 4106 quo
246 4026 374 4091 nomine
399 4027 545 4108 suspecti
570 4025 721 4107 luissent,
748 4013 863 4094 Cicero
880 4029 940 4092 hoc
956 4034 1044 4093 certe
1060 4027 1094 4092 in
1112 4016 1204 4092 usum
1220 4045 1313 4092 suum
1329 4027 1494 4094 vertisset.

272 4135 365 4199 Haec
389 4134 497 4198 omnia
521 4133 679 4199 eiusmodi
704 4140 800 4212 sunt,
833 4141 869 4200 ut
893 4134 1108 4217 suspicionem
1132 4134 1277 4214 corrupti
1301 4153 1321 4199 a
1344 4133 1496 4201 Cluentio

159 4239 271 4305 iudicii
296 4241 496 4305 confirment.
544 4243 613 4306 Iam
647 4259 719 4305 cum
752 4260 793 4306 ex
818 4241 884 4306 illis
909 4242 1128 4323 septendecim
1152 4240 1321 4319 iudicibus,
1346 4240 1401 4321 qui
1425 4260 1494 4306 con·

159 4348 415 4427 damnaverunt,
447 4353 519 4412 octo
542 4352 677 4429 propter
708 4354 874 4429 acceptam
899 4348 1066 4430 pecuniam
1092 4347 1226 4414 iufamia
1248 4347 1316 4413 sint
1338 4347 1495 4432 adspersi,

162 4455 278 4521 Oioero
304 4454 335 4519 id
359 4454 447 4537 agit,
479 4460 516 4519 ut
546 4456 692 4520 1111111
721 4454 858 4520 crimine
882 4461 1009 4538 purget.
1057 4457 1169 4536 Atque
1192 4456 1228 4523 Ο.
1257 4455 1495 4523 Fidiculanium

159 4563 338 4647 Falculam,
368 4561 422 4643 qui
452 4581 510 4646 per
540 4561 821 4642 subsortitionem,
839 4562 873 4630 in
906 4563 1050 4630 iudicum
1071 4581 1240 4632 numerum
1266 4563 1387 4634 relatus
1411 4570 1494 4649 erat,
