3322 5086
169 323 233 388 208
714 307 873 376 Franciscus
892 319 951 378 Boll

280 521 395 601 Itaque
411 539 440 586 a.
455 521 497 585 66
522 534 551 583 a
565 508 650 584 Chry
667 518 796 586 iudiciis
820 522 891 604 lege
908 519 1062 586 Cornelia
1086 519 1125 585 de
1149 519 1278 585 sicariis
1294 529 1328 597 et
1345 521 1503 590 veneficis

168 626 316 692 adhibita
347 646 433 694 nova
458 625 600 708 pericula
625 626 795 705 populares
819 629 1041 702 lacessebant;
1065 645 1200 706 quorum
1225 628 1323 692 duces
1352 629 1504 696 tribunos

169 733 273 815 plebis
306 732 408 798 fuisse
440 733 495 813 qui
520 731 575 797 ubi
605 730 743 812 priorem
774 740 986 816 postestatem
1018 733 1090 814 lege
1115 734 1269 814 Pompeia
1296 735 1425 800 Licinia
1456 754 1504 800 re·

168 848 334 921 oeperunt,
353 839 498 904 studiose
514 857 552 902 ac
570 840 777 906 vehementer
801 860 931 907 causam
957 839 1060 920 plenis
1077 839 1306 920 defendebant,
1331 861 1372 906 ex
1390 841 1515 906 multis·

168 949 254 1028 apud
279 945 468 1012 Ciceronem
493 944 571 1010 locis
595 947 824 1014 concludimus,
872 949 988 1027 Neque
1011 946 1096 1012 enim
1123 953 1218 1012 tanto
1242 948 1366 1030 impetu
1389 948 1424 1012 in
1449 947 1516 1012 tri-¹

169 1056 272 1119 bunos
296 1052 399 1134 plebis
423 1051 537 1117 Cicero
560 1052 780 1134 inveheretur,
805 1055 870 1119 nisi
894 1055 955 1118 hac
972 1071 1098 1134 quoque
1113 1053 1148 1118 in
1165 1073 1264 1123 causa
1281 1055 1515 1145 concitassent

170 1159 389 1225 multitudinis
413 1158 547 1224 animos.
597 1161 680 1230 Vide
704 1181 730 1227 e.
754 1174 786 1243 g.
811 1165 832 1244 ξ
855 1163 908 1240 93,
926 1161 978 1244 94,
1000 1161 1078 1238 103;
1103 1162 1201 1242 §952
1231 1181 1348 1241 „quam
1374 1157 1515 1242 quidem

170 1266 329 1331 rationem
355 1283 430 1344 voS,
462 1265 602 1346 iudices,
632 1267 808 1349 diligenter
833 1287 890 1350 pro
915 1273 1029 1333 vestra
1052 1265 1216 1347 sapientia
1240 1273 1274 1334 et
1299 1244 1517 1334 numanitatei

137 1420 139 1424 -
170 1373 316 1456 cogitare
344 1377 378 1437 et
401 1371 531 1454 penitus
555 1373 739 1454 perspicere
762 1373 904 1456 debetis,
942 1372 1019 1453 quid
1052 1371 1145 1446 mali,
1184 1379 1342 1454 quantum
1367 1371 1517 1464 periculis

169 1478 344 1559 unicuique
361 1486 509 1544 nostrum
526 1479 647 1568 inferre
663 1479 767 1561 possit
779 1482 830 1547 vis
847 1479 1035 1560 tribunicia,
1053 1478 1194 1545 conflata
1209 1481 1403 1562 praesertim
1420 1481 1511 1565 invi-j

169 1588 224 1654 dia
249 1592 284 1652 et
310 1586 526 1653 contionibus
543 1586 698 1676 seditiose
724 1587 937 1667 concitatis“;
973 1589 1075 1670 §109
1094 1605 1162 1669 sqq.
1189 1587 1343 1652 Ceterum
1371 1593 1510 1668 quanto·

170 1714 246 1777 pere
262 1694 435 1776 optimates
452 1702 519 1760 tum
531 1693 742 1760 'tribunorum
758 1694 861 1776 plebis
871 1695 1024 1776 ‘vigorem
1036 1702 1136 1776 atque
1148 1693 1303 1775 impetum
1317 1693 1507 1774 metuerim,-

170 1820 312 1894 ecausa
336 1803 373 1866 L.
399 1800 544 1866 Cornelii
568 1799 678 1866 Sullae
701 1801 820 1866 Fausti
850 1802 970 1886 elucet,
1005 1820 1101 1883 quarn
1125 1799 1286 1883 Cicero§
1309 1802 1353 1865 94
1377 1793 1505 1866 narrati
1571 1825 1573 1829 ¹

282 1908 346 1974 Sed
362 1908 446 1987 quod
462 1905 531 1971 dixi
555 1907 727 1988 populares
743 1907 776 1971 id
792 1908 899 1990 egisse
915 1913 953 1974 ut
968 1908 1096 1989 equites
1112 1926 1239 1988 quoqne
1262 1907 1335 1990 lege
1351 1906 1508 1974 Cornelia

170 2017 210 2080 de
233 2014 363 2080 iudiciis
379 2014 541 2095 corruptis
565 2019 765 2109 tenerentur,
791 2014 894 2095 ipsius
911 2013 1081 2081 Ciceronis
1097 2017 1200 2081 verba
1217 2017 1331 2080 obesse
1351 2014 1508 2082 videntur

171 2127 204 2205 (ξ
231 2124 319 2204 152):
356 2138 437 2199 „nec
461 2139 546 2186 nunc
569 2119 741 2201 quidquam
773 2121 861 2186 aliud
884 2121 997 2204 agitur
1022 2161 1064 2169 -
1088 2121 1167 2187 mihi
1198 2122 1339 2201 credite,
1371 2121 1507 2205 iudices,

231 2267 274 2276 -—
292 2227 363 2292 uisi
388 2232 425 2291 ut
454 2232 604 2306 equester
634 2227 711 2292 ordo
734 2227 769 2293 in
799 2229 933 2294 huiusce
960 2229 1043 2312 legis
1072 2228 1253 2310 periculum
1284 2229 1506 2294 concludatur.

171 2336 285 2416 Neque
316 2336 376 2399 hoc
404 2332 516 2415 agitur
545 2335 585 2398 ab
615 2334 779 2411 omnibus,
804 2335 861 2401 sed
886 2335 1048 2418 apannis.
1096 2336 1181 2401 Nam
1205 2335 1230 2400 ii
1261 2340 1508 2410 senatores.

172 2443 286 2524 quise
312 2441 406 2507 facile
430 2445 565 2505 tuentur
587 2433 781 2524 integritate
797 2451 830 2507 et
854 2442 1053 2523 innocentia,
1077 2444 1199 2524 quales,
1226 2447 1263 2508 ut
1287 2460 1364 2508 vere
1388 2440 1505 2517 dicam,

173 2569 230 2618 vos
246 2549 328 2614 estis
344 2553 377 2613 et
400 2545 502 2612 ceteri
517 2547 572 2627 qui
597 2547 667 2613 sine
684 2549 864 2638 cupiditate
880 2549 1045 2628 vixerunt,
1070 2549 1196 2631 equites
1212 2548 1321 2614 ordini
1340 2547 1509 2614 senatorio

172 2655 335 2739 dignitate
355 2654 527 2736 proximos,
552 2655 723 2720 concordia
746 2655 1028 2722 coniunctissimos
1047 2675 1120 2722 esse
1143 2657 1294 2738 cupiunt:
1319 2655 1376 2720 sed
1392 2655 1426 2732 ii,
1453 2654 1509 2736 qui

173 2782 244 2830 sese
268 2763 384 2830 volunt
405 2781 500 2844 posse
523 2761 631 2827 omnia
652 2781 754 2843 neque
777 2763 1134 2845 praetereaquidquam
1148 2781 1221 2828 esse
1237 2769 1297 2828 aut
1320 2762 1353 2826 in
1378 2761 1508 2827 homine

173 2872 238 2937 ullo
273 2877 332 2936 aut
361 2869 394 2934 in
429 2869 557 2946 ordine,
595 2869 655 2934 hoc
684 2888 746 2935 uno
783 2876 871 2936 metu
900 2890 935 2936 se
970 2875 1089 2952 putant
1123 2869 1250 2951 equites
1279 2869 1445 2935 Romanos
1464 2868 1508 2935 'in

172 2983 367 3063 potestatem
397 2995 489 3042 suam
518 2975 728 3054 reuaaurosj
754 2977 783 3042 si
812 2977 1025 3043 constitutum
1053 2977 1113 3056 sit,
1150 2985 1184 3042 ut
1211 2977 1251 3040 de
1281 2975 1323 3040 iis
1353 2975 1410 3057 qni
1441 2994 1509 3041 rem

173 3085 360 3161 iudicarint,
386 3084 604 3150 huiuscemodi
629 3084 749 3165 iudicia
773 3085 842 3150 fieri
864 3091 1030 3166 possent.“
1058 3085 1179 3150 Verum
1197 3101 1252 3148 eos
1269 3083 1324 3165 qui
1341 3074 1534 3162 non„sine'

173 3193 353 3275 cupiditate
378 3191 571 3270 vixissent“,
604 3191 658 3274 qui
684 3210 776 3270 „sese
799 3193 922 3259 vellent
952 3211 1047 3274 posse
1069 3191 1177 3256 omnia
1201 3209 1305 3270 neque
1335 3197 1510 3272 praeterea

173 3301 346 3382 quidquam
371 3306 442 3365 esse
466 3300 573 3365 autin
598 3299 725 3364 homine
742 3299 806 3364 ullo
830 3299 937 3364 autin
955 3298 1099 3372 ordine“‚
1118 3297 1308 3364 Ciceronem
1324 3297 1510 3364 senatorios

174 3407 377 3490 popularium
400 3407 498 3472 duces
522 3407 737 3489 appellavisse
761 3405 920 3484 arbitror,
952 3425 1087 3486 quorum
1112 3405 1147 3469 in
1171 3423 1305 3470 numero
1329 3403 1364 3471 C.
1389 3405 1509 3470 Iulium

174 3514 349 3580 Caesarem
368 3519 435 3580 tum
461 3514 601 3595 triginta
623 3519 778 3593 quattuor
794 3533 896 3579 annos
921 3521 1034 3579 natum
1057 3518 1091 3578 et
1107 3512 1152 3578 M.
1171 3511 1335 3577 Licinium
1351 3511 1509 3577 Crassum

174 3622 416 3704 potentissimos
441 3621 542 3687 fuisse
566 3626 660 3686 const
683 3627 704 3686 t.

288 3730 403 3809 Neque
427 3710 535 3793 tamen
569 3727 681 3792 statim
712 3728 885 3810 populares
920 3728 990 3792 eius
1026 3726 1111 3792 modi
1146 3727 1251 3808 legem
1283 3744 1400 3812 rogare
1436 3725 1511 3792 ansi

175 3843 262 3914 sunt,
288 3839 344 3901 sed
369 3855 469 3900 causa
495 3839 531 3900 Α.
558 3835 689 3901 Cluenti
719 3836 752 3900 in
785 3835 938 3900 iudicium
972 3843 1127 3901 revocata
1158 3833 1287 3899 efficere
1318 3834 1506 3908 studebant,

175 3952 213 4009 ut
238 3943 470 4025 praeiudicium
496 3943 656 4023 quoddam
679 3943 802 4007 dehac
827 3960 861 4006 re
879 3942 980 4007 fieret.
994 3943 1016 4024 ¹)
1042 3942 1083 4006 Id
1101 3941 1269 4006 Ciceronis
1287 3943 1426 4020 uerba§
1445 3941 1508 4004 152

174 4051 257 4116 satis
274 4051 517 4115 demonstrant:
539 4051 630 4127 „Nec
646 4067 731 4113 nunc
747 4050 920 4130 quidquam
938 4049 1106 4132 agitur-
1125 4048 1203 4112 milri
1221 4047 1355 4122 credite,
1376 4045 1510 4124 iudices,

176 4164 210 4222 et
233 4157 408 4238 prospicite
433 4156 466 4220 id
490 4157 573 4236 quod
601 4156 834 4238 providendum
859 4164 915 4222 'est
940 4197 980 4205 —
1005 4155 1071 4221 nisi
1105 4162 1140 4220 ut
1175 4159 1327 4235 equester
1362 4153 1440 4219 ordo
1475 4153 1510 4217 in

176 4263 310 4329 huiusce
346 4264 427 4346 legis
461 4263 638 4346 periculum
674 4265 916 4330 concludatur‘⁸
964 4265 1080 4346 Neque
1115 4261 1200 4328 enirn
1238 4262 1272 4326 in
1308 4260 1376 4326 ulla
1410 4279 1510 4327 causa

176 4371 243 4436 alia
266 4371 389 4437 iudices
422 4374 461 4437 ab
493 4377 680 4436 accusatore
711 4379 880 4452 corruptos
916 4390 988 4436 esse
1020 4371 1100 4436 adeo
1132 4369 1282 4435 omnibus
1319 4386 1511 4450 persuasum

178 4493 276 4501 w·
291 4494 391 4501 “qv-..-

287 4533 303 4597 ¹)
324 4533 382 4598 Qua
400 4533 426 4584 in
446 4549 473 4585 re
487 4549 527 4584 mo
543 4531 705 4584 verissimam
720 4531 785 4584 mut
800 4531 891 4600 Langii
904 4531 1063 4585 seutentiam
1077 4534 1199 4584 secutum
1216 4546 1276 4583 esso
1289 4529 1369 4583 huius
1382 4529 1420 4582 rei
1433 4527 1512 4607 periti

178 4627 205 4677 et
224 4623 377 4691 intellegent
396 4624 423 4674 et
441 4621 596 4691 probabunt.
