<?xml version="1.0" encoding="UTF-8"?>
<!DOCTYPE html PUBLIC "-//W3C//DTD XHTML 1.0 Transitional//EN"
    "http://www.w3.org/TR/xhtml1/DTD/xhtml1-transitional.dtd">
<html xmlns="http://www.w3.org/1999/xhtml" xml:lang="en" lang="en">
 <head>
  <title>
</title>
<meta http-equiv="Content-Type" content="text/html;charset=utf-8" />
  <meta name='ocr-system' content='tesseract 3.04.00' />
  <meta name='ocr-capabilities' content='ocr_page ocr_carea ocr_par ocr_line ocrx_word'/>
</head>
<body>
  <div class='ocr_page' id='page_1' title='image "./commentationesp01mngoog_0012.png"; bbox 0 0 3324 5078; ppageno 0'>
   <div class='ocr_carea' id='block_1_1' title="bbox 471 321 1180 392">
    <p class='ocr_par' dir='ltr' id='par_1_1' title="bbox 471 321 1180 392">
     <span class='ocr_line' id='line_1_1' title="bbox 471 321 1180 392; baseline -0.001 -16"><span class='ocrx_word' id='word_1_1' title='bbox 471 321 514 377; x_wconf 85' lang='lat' dir='ltr'>De</span> <span class='ocrx_word' id='word_1_2' title='bbox 534 341 603 378; x_wconf 80' lang='lat' dir='ltr'>nouo</span> <span class='ocrx_word' id='word_1_3' title='bbox 623 339 722 392; x_wconf 87' lang='lat' dir='ltr'>paeane</span> <span class='ocrx_word' id='word_1_4' title='bbox 740 323 767 375; x_wconf 91' lang='lat' dir='ltr'>in</span> <span class='ocrx_word' id='word_1_5' title='bbox 786 322 914 374; x_wconf 81' lang='lat' dir='ltr'><strong>honorem</strong></span> <span class='ocrx_word' id='word_1_6' title='bbox 934 323 1085 390; x_wconf 82' lang='lat' dir='ltr'>Aesculapii</span> <span class='ocrx_word' id='word_1_7' title='bbox 1103 323 1180 376; x_wconf 85' lang='lat' dir='ltr'>facto.</span> 
     </span>
    </p>
   </div>
   <div class='ocr_carea' id='block_1_2' title="bbox 134 517 1581 4656">
    <p class='ocr_par' dir='ltr' id='par_1_2' title="bbox 134 517 1581 1757">
     <span class='ocr_line' id='line_1_2' title="bbox 531 517 1079 598; baseline -0.002 -16"><span class='ocrx_word' id='word_1_8' title='bbox 531 519 651 582; x_wconf 88' lang='lat' dir='ltr'>Aesch.</span> <span class='ocrx_word' id='word_1_9' title='bbox 680 518 796 597; x_wconf 78' lang='lat' dir='ltr'>Agant.</span> <span class='ocrx_word' id='word_1_10' title='bbox 827 518 888 581; x_wconf 86' lang='grc'>132</span> <span class='ocrx_word' id='word_1_11' title='bbox 913 517 1079 598; x_wconf 79' lang='lat' dir='ltr'>(Kirchh.)</span> 
     </span>
     <span class='ocr_line' id='line_1_3' title="bbox 585 620 998 709; baseline 0.002 -25"><span class='ocrx_word' id='word_1_12' title='bbox 585 629 732 706; x_wconf 79' lang='grc' dir='ltr'>τόοονπερ</span> <span class='ocrx_word' id='word_1_13' title='bbox 752 620 877 709; x_wconf 79' lang='grc' dir='ltr'>ἐὔφρων</span> <span class='ocrx_word' id='word_1_14' title='bbox 904 621 998 685; x_wconf 86' lang='grc' dir='ltr'>Καλὰ</span> 
     </span>
     <span class='ocr_line' id='line_1_4' title="bbox 533 713 979 794; baseline 0.007 -2"><span class='ocrx_word' id='word_1_15' title='bbox 533 731 651 792; x_wconf 86' lang='lat' dir='ltr'>Aesch.</span> <span class='ocrx_word' id='word_1_16' title='bbox 678 730 770 794; x_wconf 86' lang='lat' dir='ltr'>Pers.</span> <span class='ocrx_word' id='word_1_17' title='bbox 798 732 862 794; x_wconf 91' lang='grc'>888</span> <span class='ocrx_word' id='word_1_18' title='bbox 907 743 917 786; x_wconf 74' lang='lat'><em>1</em></span> <span class='ocrx_word' id='word_1_19' title='bbox 976 713 979 719; x_wconf 39' lang='lat'><strong><em>⁴</em></strong></span> 
     </span>
     <span class='ocr_line' id='line_1_5' title="bbox 587 839 928 917; baseline 0.003 -19"><span class='ocrx_word' id='word_1_20' title='bbox 587 839 737 917; x_wconf 77' lang='grc' dir='ltr'>πλαγαῖσι</span> <span class='ocrx_word' id='word_1_21' title='bbox 761 842 928 900; x_wconf 76' lang='grc' dir='ltr'>ποντίαισιν</span> 
     </span>
     <span class='ocr_line' id='line_1_6' title="bbox 533 942 897 1023; baseline 0.005 -17"><span class='ocrx_word' id='word_1_22' title='bbox 533 942 631 1023; x_wconf 82' lang='lat' dir='ltr'>Soph.</span> <span class='ocrx_word' id='word_1_23' title='bbox 658 945 740 1009; x_wconf 89' lang='lat' dir='ltr'>Oed.</span> <span class='ocrx_word' id='word_1_24' title='bbox 767 945 804 1008; x_wconf 85' lang='lat' dir='ltr'>R.</span> <span class='ocrx_word' id='word_1_25' title='bbox 835 947 897 1008; x_wconf 76' lang='lat'>152</span> 
     </span>
     <span class='ocr_line' id='line_1_7' title="bbox 587 1045 990 1133; baseline 0 -20"><span class='ocrx_word' id='word_1_26' title='bbox 587 1045 741 1120; x_wconf 79' lang='grc' dir='ltr'>Πυθῶνος</span> <span class='ocrx_word' id='word_1_27' title='bbox 766 1048 891 1130; x_wconf 84' lang='grc' dir='ltr'>ἀγλαὰς</span> <span class='ocrx_word' id='word_1_28' title='bbox 914 1051 990 1133; x_wconf 79' lang='grc' dir='ltr'>ἔβας</span> 
     </span>
     <span class='ocr_line' id='line_1_8' title="bbox 535 1156 994 1238; baseline -0.002 -18"><span class='ocrx_word' id='word_1_29' title='bbox 535 1158 640 1220; x_wconf 88' lang='lat' dir='ltr'>Arist.</span> <span class='ocrx_word' id='word_1_30' title='bbox 667 1156 751 1219; x_wconf 78' lang='lat' dir='ltr'>nan.</span> <span class='ocrx_word' id='word_1_31' title='bbox 778 1157 843 1220; x_wconf 85' lang='grc'>882</span> <span class='ocrx_word' id='word_1_32' title='bbox 867 1157 994 1238; x_wconf 85' lang='lat' dir='ltr'>(Mein.)</span> 
     </span>
     <span class='ocr_line' id='line_1_9' title="bbox 586 1246 989 1350; baseline 0.01 -26"><span class='ocrx_word' id='word_1_33' title='bbox 586 1273 682 1348; x_wconf 79' lang='grc' dir='ltr'>χωρεῖ</span> <span class='ocrx_word' id='word_1_34' title='bbox 706 1246 784 1345; x_wconf 59' lang='grc' dir='ltr'>ατρὸς</span> <span class='ocrx_word' id='word_1_35' title='bbox 808 1263 895 1346; x_wconf 80' lang='grc' dir='ltr'>ἔργον</span> <span class='ocrx_word' id='word_1_36' title='bbox 919 1263 989 1350; x_wconf 80' lang='grc' dir='ltr'>ἤδη.</span> 
     </span>
     <span class='ocr_line' id='line_1_10' title="bbox 248 1369 1581 1452; baseline 0.001 -18"><span class='ocrx_word' id='word_1_37' title='bbox 248 1369 404 1434; x_wconf 78' lang='lat' dir='ltr'>Continet</span> <span class='ocrx_word' id='word_1_38' title='bbox 434 1380 547 1439; x_wconf 70' lang='lat' dir='ltr'>¹antem</span> <span class='ocrx_word' id='word_1_39' title='bbox 581 1371 612 1432; x_wconf 92' lang='lat' dir='ltr'>in</span> <span class='ocrx_word' id='word_1_40' title='bbox 651 1371 709 1432; x_wconf 90' lang='lat' dir='ltr'>hoc</span> <span class='ocrx_word' id='word_1_41' title='bbox 741 1389 863 1448; x_wconf 86' lang='lat' dir='ltr'>paeane</span> <span class='ocrx_word' id='word_1_42' title='bbox 895 1372 1076 1436; x_wconf 80' lang='lat' dir='ltr'>versiculus</span> <span class='ocrx_word' id='word_1_43' title='bbox 1112 1372 1166 1435; x_wconf 88' lang='lat' dir='ltr'>iile</span> <span class='ocrx_word' id='word_1_44' title='bbox 1197 1371 1353 1436; x_wconf 83' lang='lat' dir='ltr'>iambicus</span> <span class='ocrx_word' id='word_1_45' title='bbox 1385 1372 1494 1452; x_wconf 91' lang='lat' dir='ltr'>epiph·</span> <span class='ocrx_word' id='word_1_46' title='bbox 1577 1381 1581 1387; x_wconf 86' lang='grc'><strong>’</strong></span> 
     </span>
     <span class='ocr_line' id='line_1_11' title="bbox 134 1473 1497 1562; baseline 0.001 -23"><span class='ocrx_word' id='word_1_47' title='bbox 134 1477 291 1557; x_wconf 79' lang='lat' dir='ltr'>&#39;rhegma</span> <span class='ocrx_word' id='word_1_48' title='bbox 315 1478 469 1541; x_wconf 88' lang='lat' dir='ltr'>sollemne</span> <span class='ocrx_word' id='word_1_49' title='bbox 493 1476 525 1562; x_wconf 77' lang='grc' dir='ltr'>ἰὴ</span> <span class='ocrx_word' id='word_1_50' title='bbox 552 1473 673 1550; x_wconf 87' lang='grc' dir='ltr'>Παιάν,</span> <span class='ocrx_word' id='word_1_51' title='bbox 708 1474 914 1562; x_wconf 81' lang='grc' dir='ltr'>Ἀσκληπιόν,</span> <span class='ocrx_word' id='word_1_52' title='bbox 946 1476 998 1540; x_wconf 87' lang='lat' dir='ltr'>oni</span> <span class='ocrx_word' id='word_1_53' title='bbox 1028 1478 1183 1542; x_wconf 86' lang='lat' dir='ltr'>adiuncta</span> <span class='ocrx_word' id='word_1_54' title='bbox 1214 1486 1266 1541; x_wconf 85' lang='lat' dir='ltr'>est</span> <span class='ocrx_word' id='word_1_55' title='bbox 1291 1479 1394 1541; x_wconf 88' lang='lat' dir='ltr'>tribus</span> <span class='ocrx_word' id='word_1_56' title='bbox 1418 1479 1497 1542; x_wconf 88' lang='lat' dir='ltr'>locis</span> 
     </span>
     <span class='ocr_line' id='line_1_12' title="bbox 161 1580 1496 1667; baseline 0 -19"><span class='ocrx_word' id='word_1_57' title='bbox 161 1583 347 1664; x_wconf 89' lang='lat' dir='ltr'>tetrapodia</span> <span class='ocrx_word' id='word_1_58' title='bbox 363 1583 525 1664; x_wconf 79' lang='lat' dir='ltr'>dactylica</span> <span class='ocrx_word' id='word_1_59' title='bbox 550 1581 685 1667; x_wconf 76' lang='grc' dir='ltr'>δαίμονα</span> <span class='ocrx_word' id='word_1_60' title='bbox 709 1584 904 1645; x_wconf 82' lang='grc' dir='ltr'>κλεινότατον</span> <span class='ocrx_word' id='word_1_61' title='bbox 929 1580 955 1646; x_wconf 69' lang='lat' dir='ltr'>a</span> <span class='ocrx_word' id='word_1_62' title='bbox 978 1588 1083 1660; x_wconf 80' lang='grc' dir='ltr'>παιάν,</span> <span class='ocrx_word' id='word_1_63' title='bbox 1110 1584 1274 1664; x_wconf 87' lang='lat' dir='ltr'>paululum</span> <span class='ocrx_word' id='word_1_64' title='bbox 1296 1583 1353 1648; x_wconf 89' lang='lat' dir='ltr'>illa</span> <span class='ocrx_word' id='word_1_65' title='bbox 1369 1584 1496 1664; x_wconf 87' lang='lat' dir='ltr'>quidem</span> 
     </span>
     <span class='ocr_line' id='line_1_13' title="bbox 159 1691 301 1757; baseline -0.028 -1"><span class='ocrx_word' id='word_1_66' title='bbox 159 1691 301 1757; x_wconf 87' lang='lat' dir='ltr'>variata.</span> 
     </span>
    </p>

    <p class='ocr_par' dir='ltr' id='par_1_3' title="bbox 158 1795 1530 2193">
     <span class='ocr_line' id='line_1_14' title="bbox 272 1795 1495 1878; baseline 0.001 -18"><span class='ocrx_word' id='word_1_67' title='bbox 272 1797 412 1861; x_wconf 89' lang='lat' dir='ltr'>Primam</span> <span class='ocrx_word' id='word_1_68' title='bbox 428 1807 552 1876; x_wconf 86' lang='lat' dir='ltr'>partem</span> <span class='ocrx_word' id='word_1_69' title='bbox 566 1795 637 1858; x_wconf 87' lang='lat' dir='ltr'>sive</span> <span class='ocrx_word' id='word_1_70' title='bbox 653 1810 773 1860; x_wconf 52' lang='lat' dir='ltr'>versus*</span> <span class='ocrx_word' id='word_1_71' title='bbox 787 1798 873 1859; x_wconf 86' lang='lat'>1-4</span> <span class='ocrx_word' id='word_1_72' title='bbox 890 1795 1038 1862; x_wconf 83' lang='lat' dir='ltr'>efficiunt</span> <span class='ocrx_word' id='word_1_73' title='bbox 1054 1805 1210 1877; x_wconf 88' lang='lat' dir='ltr'>quattuor</span> <span class='ocrx_word' id='word_1_74' title='bbox 1227 1796 1407 1878; x_wconf 87' lang='lat' dir='ltr'>dactylicae</span> <span class='ocrx_word' id='word_1_75' title='bbox 1425 1817 1495 1877; x_wconf 87' lang='lat' dir='ltr'>pen-</span> 
     </span>
     <span class='ocr_line' id='line_1_15' title="bbox 159 1902 1497 1984; baseline 0.001 -18"><span class='ocrx_word' id='word_1_76' title='bbox 159 1903 318 1983; x_wconf 86' lang='lat' dir='ltr'>tapodiae</span> <span class='ocrx_word' id='word_1_77' title='bbox 335 1904 545 1978; x_wconf 86' lang='lat' dir='ltr'>acatalectae,</span> <span class='ocrx_word' id='word_1_78' title='bbox 572 1902 714 1982; x_wconf 78' lang='lat' dir='ltr'>spondeo</span> <span class='ocrx_word' id='word_1_79' title='bbox 731 1921 790 1982; x_wconf 93' lang='lat' dir='ltr'>pro</span> <span class='ocrx_word' id='word_1_80' title='bbox 806 1903 936 1984; x_wconf 86' lang='lat' dir='ltr'>dactylo</span> <span class='ocrx_word' id='word_1_81' title='bbox 961 1904 1066 1983; x_wconf 87' lang='lat' dir='ltr'>posito</span> <span class='ocrx_word' id='word_1_82' title='bbox 1090 1903 1212 1968; x_wconf 89' lang='lat' dir='ltr'>finitae.</span> <span class='ocrx_word' id='word_1_83' title='bbox 1253 1905 1316 1967; x_wconf 81' lang='lat' dir='ltr'>Est</span> <span class='ocrx_word' id='word_1_84' title='bbox 1340 1904 1397 1967; x_wconf 87' lang='lat' dir='ltr'>illa</span> <span class='ocrx_word' id='word_1_85' title='bbox 1421 1925 1497 1984; x_wconf 88' lang='lat' dir='ltr'>pars</span> 
     </span>
     <span class='ocr_line' id='line_1_16' title="bbox 159 1992 1501 2091; baseline -0.001 -16"><span class='ocrx_word' id='word_1_86' title='bbox 159 2010 255 2090; x_wconf 86' lang='lat' dir='ltr'>quasi</span> <span class='ocrx_word' id='word_1_87' title='bbox 287 2009 484 2074; x_wconf 72' lang='lat' dir='ltr'>introductio</span> <span class='ocrx_word' id='word_1_88' title='bbox 508 2010 662 2090; x_wconf 82' lang='lat' dir='ltr'>paeaniS,</span> <span class='ocrx_word' id='word_1_89' title='bbox 688 2028 771 2089; x_wconf 90' lang='lat' dir='ltr'>qnae</span> <span class='ocrx_word' id='word_1_90' title='bbox 795 1992 816 2072; x_wconf 87' lang='lat' dir='ltr'>a</span> <span class='ocrx_word' id='word_1_91' title='bbox 840 2017 933 2088; x_wconf 87' lang='lat' dir='ltr'>patre</span> <span class='ocrx_word' id='word_1_92' title='bbox 960 2010 1145 2090; x_wconf 79' lang='lat' dir='ltr'>Aesculapii</span> <span class='ocrx_word' id='word_1_93' title='bbox 1170 2010 1361 2074; x_wconf 84' lang='lat' dir='ltr'>celebrando</span> <span class='ocrx_word' id='word_1_94' title='bbox 1385 2011 1501 2091; x_wconf 87' lang='lat' dir='ltr'>incipit</span> 
     </span>
     <span class='ocr_line' id='line_1_17' title="bbox 158 2105 1530 2193; baseline -0.003 -12"><span class='ocrx_word' id='word_1_95' title='bbox 158 2114 197 2181; x_wconf 77' lang='lat' dir='ltr'>et&#39;</span> <span class='ocrx_word' id='word_1_96' title='bbox 217 2123 354 2181; x_wconf 89' lang='lat' dir='ltr'>matrem</span> <span class='ocrx_word' id='word_1_97' title='bbox 381 2116 527 2180; x_wconf 83' lang='lat' dir='ltr'>breviter</span> <span class='ocrx_word' id='word_1_98' title='bbox 552 2128 793 2180; x_wconf 85' lang='lat' dir='ltr'>commemorat.</span> <span class='ocrx_word' id='word_1_99' title='bbox 879 2162 881 2167; x_wconf 67' lang='lat'>,</span> <span class='ocrx_word' id='word_1_100' title='bbox 1038 2191 1040 2193; x_wconf 22' lang='grc'><strong>,</strong></span> <span class='ocrx_word' id='word_1_101' title='bbox 1528 2105 1530 2108; x_wconf 61' lang='grc'>’</span> 
     </span>
    </p>

    <p class='ocr_par' dir='ltr' id='par_1_4' title="bbox 157 2222 1499 3803">
     <span class='ocr_line' id='line_1_18' title="bbox 271 2222 1498 2303; baseline -0.001 -14"><span class='ocrx_word' id='word_1_102' title='bbox 271 2222 420 2289; x_wconf 86' lang='lat' dir='ltr'>Secunda</span> <span class='ocrx_word' id='word_1_103' title='bbox 451 2241 527 2303; x_wconf 89' lang='lat' dir='ltr'>pars</span> <span class='ocrx_word' id='word_1_104' title='bbox 559 2240 713 2286; x_wconf 89' lang='lat' dir='ltr'>versuum</span> <span class='ocrx_word' id='word_1_105' title='bbox 740 2225 850 2301; x_wconf 60' lang='lat'>7-710</span> <span class='ocrx_word' id='word_1_106' title='bbox 882 2231 915 2288; x_wconf 88' lang='lat' dir='ltr'>et</span> <span class='ocrx_word' id='word_1_107' title='bbox 948 2223 1047 2288; x_wconf 86' lang='lat' dir='ltr'>tertia</span> <span class='ocrx_word' id='word_1_108' title='bbox 1072 2242 1223 2289; x_wconf 88' lang='lat' dir='ltr'>versuum</span> <span class='ocrx_word' id='word_1_109' title='bbox 1251 2225 1378 2288; x_wconf 87' lang='grc'><strong>13-16</strong></span> <span class='ocrx_word' id='word_1_110' title='bbox 1411 2224 1498 2288; x_wconf 89' lang='lat' dir='ltr'>inter</span> 
     </span>
     <span class='ocr_line' id='line_1_19' title="bbox 157 2329 1496 2412; baseline 0.001 -18"><span class='ocrx_word' id='word_1_111' title='bbox 157 2349 193 2394; x_wconf 90' lang='lat' dir='ltr'>se</span> <span class='ocrx_word' id='word_1_112' title='bbox 212 2329 397 2394; x_wconf 87' lang='lat' dir='ltr'>simillimae</span> <span class='ocrx_word' id='word_1_113' title='bbox 414 2337 501 2394; x_wconf 89' lang='lat' dir='ltr'>sunt.</span> <span class='ocrx_word' id='word_1_114' title='bbox 544 2329 695 2409; x_wconf 83' lang='lat' dir='ltr'>Utraque</span> <span class='ocrx_word' id='word_1_115' title='bbox 717 2329 831 2393; x_wconf 89' lang='lat' dir='ltr'>finitur</span> <span class='ocrx_word' id='word_1_116' title='bbox 848 2330 996 2394; x_wconf 80' lang='lat' dir='ltr'>sollemni</span> <span class='ocrx_word' id='word_1_117' title='bbox 1013 2330 1316 2408; x_wconf 87' lang='lat' dir='ltr'>commemoratione</span> <span class='ocrx_word' id='word_1_118' title='bbox 1331 2331 1496 2412; x_wconf 79' lang='lat' dir='ltr'>Hygicae3</span> 
     </span>
     <span class='ocr_line' id='line_1_20' title="bbox 158 2436 1498 2520; baseline 0.001 -19"><span class='ocrx_word' id='word_1_119' title='bbox 158 2453 276 2501; x_wconf 82' lang='lat' dir='ltr'>versus</span> <span class='ocrx_word' id='word_1_120' title='bbox 305 2439 343 2500; x_wconf 79' lang='lat'>15</span> <span class='ocrx_word' id='word_1_121' title='bbox 361 2446 394 2500; x_wconf 87' lang='lat' dir='ltr'>et</span> <span class='ocrx_word' id='word_1_122' title='bbox 420 2438 468 2510; x_wconf 89' lang='grc'>16,</span> <span class='ocrx_word' id='word_1_123' title='bbox 490 2437 626 2500; x_wconf 83' lang='lat' dir='ltr'>-9at10</span> <span class='ocrx_word' id='word_1_124' title='bbox 651 2446 804 2502; x_wconf 85' lang='lat' dir='ltr'>accurate</span> <span class='ocrx_word' id='word_1_125' title='bbox 828 2436 893 2500; x_wconf 89' lang='lat' dir='ltr'>sibi</span> <span class='ocrx_word' id='word_1_126' title='bbox 918 2437 1124 2518; x_wconf 87' lang='lat' dir='ltr'>respondent,</span> <span class='ocrx_word' id='word_1_127' title='bbox 1149 2438 1214 2501; x_wconf 89' lang='lat' dir='ltr'>nisi</span> <span class='ocrx_word' id='word_1_128' title='bbox 1239 2437 1379 2520; x_wconf 83' lang='lat' dir='ltr'>quodin</span> <span class='ocrx_word' id='word_1_129' title='bbox 1403 2448 1498 2502; x_wconf 85' lang='lat' dir='ltr'>sexta</span> 
     </span>
     <span class='ocr_line' id='line_1_21' title="bbox 158 2537 1495 2626; baseline 0.001 -19"><span class='ocrx_word' id='word_1_130' title='bbox 158 2543 237 2608; x_wconf 88' lang='lat' dir='ltr'>sede</span> <span class='ocrx_word' id='word_1_131' title='bbox 260 2537 382 2624; x_wconf 82' lang='lat' dir='ltr'>prioris</span> <span class='ocrx_word' id='word_1_132' title='bbox 407 2542 512 2624; x_wconf 87' lang='lat' dir='ltr'>partis</span> <span class='ocrx_word' id='word_1_133' title='bbox 537 2543 701 2622; x_wconf 87' lang='lat' dir='ltr'>spondeus</span> <span class='ocrx_word' id='word_1_134' title='bbox 719 2562 776 2623; x_wconf 89' lang='lat' dir='ltr'>pro</span> <span class='ocrx_word' id='word_1_135' title='bbox 801 2543 932 2625; x_wconf 87' lang='lat' dir='ltr'>dactylo</span> <span class='ocrx_word' id='word_1_136' title='bbox 949 2543 1075 2624; x_wconf 91' lang='lat' dir='ltr'>positus</span> <span class='ocrx_word' id='word_1_137' title='bbox 1099 2552 1168 2621; x_wconf 71' lang='lat' dir='ltr'>est,</span> <span class='ocrx_word' id='word_1_138' title='bbox 1193 2562 1255 2607; x_wconf 92' lang='lat' dir='ltr'>non</span> <span class='ocrx_word' id='word_1_139' title='bbox 1274 2543 1495 2626; x_wconf 84' lang='lat' dir='ltr'>multomagis</span> 
     </span>
     <span class='ocr_line' id='line_1_22' title="bbox 159 2649 1497 2736; baseline -0.001 -20"><span class='ocrx_word' id='word_1_140' title='bbox 159 2652 248 2716; x_wconf 90' lang='lat' dir='ltr'>iuter</span> <span class='ocrx_word' id='word_1_141' title='bbox 272 2649 480 2714; x_wconf 86' lang='lat' dir='ltr'>sedifferunt</span> <span class='ocrx_word' id='word_1_142' title='bbox 505 2651 663 2736; x_wconf 72' lang='lat' dir='ltr'>vcrsnsi</span> <span class='ocrx_word' id='word_1_143' title='bbox 683 2657 717 2714; x_wconf 90' lang='lat' dir='ltr'>et</span> <span class='ocrx_word' id='word_1_144' title='bbox 735 2652 786 2727; x_wconf 82' lang='lat'>13,</span> <span class='ocrx_word' id='word_1_145' title='bbox 812 2650 869 2714; x_wconf 90' lang='lat' dir='ltr'>sed</span> <span class='ocrx_word' id='word_1_146' title='bbox 887 2668 1003 2714; x_wconf 89' lang='lat' dir='ltr'>versus</span> <span class='ocrx_word' id='word_1_147' title='bbox 1021 2654 1039 2715; x_wconf 88' lang='lat'>8</span> <span class='ocrx_word' id='word_1_148' title='bbox 1065 2651 1196 2731; x_wconf 87' lang='lat' dir='ltr'>dipodia</span> <span class='ocrx_word' id='word_1_149' title='bbox 1220 2650 1390 2731; x_wconf 87' lang='lat' dir='ltr'>dactylica,</span> <span class='ocrx_word' id='word_1_150' title='bbox 1415 2670 1497 2730; x_wconf 84' lang='lat' dir='ltr'>quac</span> 
     </span>
     <span class='ocr_line' id='line_1_23' title="bbox 159 2756 1496 2838; baseline 0.002 -18"><span class='ocrx_word' id='word_1_151' title='bbox 159 2757 309 2821; x_wconf 89' lang='lat' dir='ltr'>continet</span> <span class='ocrx_word' id='word_1_152' title='bbox 331 2756 561 2836; x_wconf 84' lang='lat' dir='ltr'>epiphonema,</span> <span class='ocrx_word' id='word_1_153' title='bbox 592 2756 721 2838; x_wconf 80' lang='lat' dir='ltr'>longior</span> <span class='ocrx_word' id='word_1_154' title='bbox 745 2767 796 2820; x_wconf 90' lang='lat' dir='ltr'>est</span> <span class='ocrx_word' id='word_1_155' title='bbox 820 2776 914 2836; x_wconf 90' lang='lat' dir='ltr'>qnam</span> <span class='ocrx_word' id='word_1_156' title='bbox 941 2776 1056 2822; x_wconf 87' lang='lat' dir='ltr'>versus</span> <span class='ocrx_word' id='word_1_157' title='bbox 1082 2761 1132 2822; x_wconf 86' lang='lat'>14.</span> <span class='ocrx_word' id='word_1_158' title='bbox 1180 2758 1254 2821; x_wconf 92' lang='lat' dir='ltr'>Hoc</span> <span class='ocrx_word' id='word_1_159' title='bbox 1277 2758 1496 2838; x_wconf 88' lang='lat' dir='ltr'>epiphonema,</span> 
     </span>
     <span class='ocr_line' id='line_1_24' title="bbox 161 2853 1495 2953; baseline 0.001 -26"><span class='ocrx_word' id='word_1_160' title='bbox 161 2883 225 2944; x_wconf 91' lang='lat' dir='ltr'>quo</span> <span class='ocrx_word' id='word_1_161' title='bbox 253 2859 350 2928; x_wconf 85' lang='lat' dir='ltr'>facile</span> <span class='ocrx_word' id='word_1_162' title='bbox 373 2881 531 2941; x_wconf 87' lang='lat' dir='ltr'>caremus,</span> <span class='ocrx_word' id='word_1_163' title='bbox 558 2864 588 2929; x_wconf 91' lang='lat' dir='ltr'>si</span> <span class='ocrx_word' id='word_1_164' title='bbox 604 2864 734 2928; x_wconf 84' lang='lat' dir='ltr'>abicere</span> <span class='ocrx_word' id='word_1_165' title='bbox 758 2865 883 2940; x_wconf 88' lang='lat' dir='ltr'>liceret,</span> <span class='ocrx_word' id='word_1_166' title='bbox 910 2865 1021 2928; x_wconf 91' lang='lat' dir='ltr'>horum</span> <span class='ocrx_word' id='word_1_167' title='bbox 1047 2883 1172 2946; x_wconf 86' lang='lat' dir='ltr'>quoque</span> <span class='ocrx_word' id='word_1_168' title='bbox 1196 2853 1348 2953; x_wconf 87' lang='lat' dir='ltr'>versuum</span> <span class='ocrx_word' id='word_1_169' title='bbox 1373 2866 1495 2944; x_wconf 86' lang='lat' dir='ltr'>nancis-</span> 
     </span>
     <span class='ocr_line' id='line_1_25' title="bbox 160 2960 1495 3052; baseline 0.001 -17"><span class='ocrx_word' id='word_1_170' title='bbox 160 2990 309 3036; x_wconf 86' lang='lat' dir='ltr'>ceremur</span> <span class='ocrx_word' id='word_1_171' title='bbox 343 2960 585 3051; x_wconf 86' lang='lat' dir='ltr'>responsionem</span> <span class='ocrx_word' id='word_1_172' title='bbox 617 2972 811 3051; x_wconf 74' lang='lat' dir='ltr'>perfectam,</span> <span class='ocrx_word' id='word_1_173' title='bbox 849 2971 906 3033; x_wconf 92' lang='lat' dir='ltr'>sed</span> <span class='ocrx_word' id='word_1_174' title='bbox 940 2972 1013 3034; x_wconf 90' lang='lat' dir='ltr'>uolo</span> <span class='ocrx_word' id='word_1_175' title='bbox 1049 2972 1194 3052; x_wconf 89' lang='lat' dir='ltr'>equidem</span> <span class='ocrx_word' id='word_1_176' title='bbox 1228 2972 1381 3036; x_wconf 86' lang='lat' dir='ltr'>audacior</span> <span class='ocrx_word' id='word_1_177' title='bbox 1413 2992 1495 3047; x_wconf 87' lang='lat' dir='ltr'>esse,</span> 
     </span>
     <span class='ocr_line' id='line_1_26' title="bbox 161 3076 1496 3164; baseline 0 -22"><span class='ocrx_word' id='word_1_178' title='bbox 161 3076 354 3158; x_wconf 89' lang='lat' dir='ltr'>praesertim</span> <span class='ocrx_word' id='word_1_179' title='bbox 372 3096 442 3142; x_wconf 88' lang='lat' dir='ltr'>cum</span> <span class='ocrx_word' id='word_1_180' title='bbox 462 3079 519 3141; x_wconf 90' lang='lat' dir='ltr'>hoc</span> <span class='ocrx_word' id='word_1_181' title='bbox 537 3097 665 3142; x_wconf 91' lang='lat' dir='ltr'>carmen</span> <span class='ocrx_word' id='word_1_182' title='bbox 685 3077 920 3164; x_wconf 17' lang='lat' dir='ltr'>non-codicum,</span> <span class='ocrx_word' id='word_1_183' title='bbox 944 3078 999 3140; x_wconf 84' lang='lat' dir='ltr'>sed</span> <span class='ocrx_word' id='word_1_184' title='bbox 1017 3078 1135 3158; x_wconf 89' lang='lat' dir='ltr'>lapidis</span> <span class='ocrx_word' id='word_1_185' title='bbox 1152 3078 1213 3141; x_wconf 89' lang='lat' dir='ltr'>fide</span> <span class='ocrx_word' id='word_1_186' title='bbox 1231 3079 1323 3142; x_wconf 87' lang='lat' dir='ltr'>nobis</span> <span class='ocrx_word' id='word_1_187' title='bbox 1341 3078 1496 3143; x_wconf 90' lang='lat' dir='ltr'>traditum</span> 
     </span>
     <span class='ocr_line' id='line_1_27' title="bbox 159 3184 1498 3269; baseline 0.001 -20"><span class='ocrx_word' id='word_1_188' title='bbox 159 3187 213 3249; x_wconf 92' lang='lat' dir='ltr'>sit.</span> <span class='ocrx_word' id='word_1_189' title='bbox 255 3184 412 3249; x_wconf 76' lang='lat' dir='ltr'>Continet</span> <span class='ocrx_word' id='word_1_190' title='bbox 427 3185 571 3248; x_wconf 87' lang='lat' dir='ltr'>secunda</span> <span class='ocrx_word' id='word_1_191' title='bbox 596 3204 672 3265; x_wconf 86' lang='lat' dir='ltr'>pars</span> <span class='ocrx_word' id='word_1_192' title='bbox 689 3184 844 3248; x_wconf 82' lang='lat' dir='ltr'>carminis</span> <span class='ocrx_word' id='word_1_193' title='bbox 868 3184 1090 3265; x_wconf 83' lang='lat' dir='ltr'>genealogiam</span> <span class='ocrx_word' id='word_1_194' title='bbox 1107 3185 1297 3265; x_wconf 84' lang='lat' dir='ltr'>Aesculapii</span> <span class='ocrx_word' id='word_1_195' title='bbox 1314 3186 1498 3269; x_wconf 87' lang='lat' dir='ltr'>liberorum,</span> 
     </span>
     <span class='ocr_line' id='line_1_28' title="bbox 160 3290 1498 3372; baseline 0.001 -17"><span class='ocrx_word' id='word_1_196' title='bbox 160 3312 181 3355; x_wconf 88' lang='lat' dir='ltr'>a</span> <span class='ocrx_word' id='word_1_197' title='bbox 198 3292 300 3355; x_wconf 88' lang='lat' dir='ltr'>tertia</span> <span class='ocrx_word' id='word_1_198' title='bbox 323 3291 440 3372; x_wconf 90' lang='lat' dir='ltr'>incipit</span> <span class='ocrx_word' id='word_1_199' title='bbox 456 3291 662 3371; x_wconf 87' lang='lat' dir='ltr'>snpplicatio,</span> <span class='ocrx_word' id='word_1_200' title='bbox 688 3311 770 3371; x_wconf 86' lang='lat' dir='ltr'>qnae</span> <span class='ocrx_word' id='word_1_201' title='bbox 787 3291 883 3355; x_wconf 90' lang='lat' dir='ltr'>finem</span> <span class='ocrx_word' id='word_1_202' title='bbox 903 3290 983 3354; x_wconf 87' lang='lat' dir='ltr'>facit</span> <span class='ocrx_word' id='word_1_203' title='bbox 1000 3291 1141 3371; x_wconf 82' lang='lat' dir='ltr'>paeonis,</span> <span class='ocrx_word' id='word_1_204' title='bbox 1167 3291 1223 3354; x_wconf 91' lang='lat' dir='ltr'>sed</span> <span class='ocrx_word' id='word_1_205' title='bbox 1250 3293 1306 3368; x_wconf 91' lang='lat' dir='ltr'>ita,</span> <span class='ocrx_word' id='word_1_206' title='bbox 1333 3299 1369 3356; x_wconf 92' lang='lat' dir='ltr'>ut</span> <span class='ocrx_word' id='word_1_207' title='bbox 1386 3293 1498 3357; x_wconf 88' lang='lat' dir='ltr'>redeat</span> 
     </span>
     <span class='ocr_line' id='line_1_29' title="bbox 161 3397 1497 3480; baseline 0.001 -18"><span class='ocrx_word' id='word_1_208' title='bbox 161 3407 268 3480; x_wconf 91' lang='lat' dir='ltr'>poeta,</span> <span class='ocrx_word' id='word_1_209' title='bbox 294 3398 379 3461; x_wconf 88' lang='lat' dir='ltr'>unde</span> <span class='ocrx_word' id='word_1_210' title='bbox 401 3397 537 3478; x_wconf 88' lang='lat' dir='ltr'>incepit,</span> <span class='ocrx_word' id='word_1_211' title='bbox 562 3399 604 3462; x_wconf 85' lang='lat' dir='ltr'>ad</span> <span class='ocrx_word' id='word_1_212' title='bbox 628 3399 963 3463; x_wconf 86' lang='lat' dir='ltr'>commemorationem</span> <span class='ocrx_word' id='word_1_213' title='bbox 989 3397 1093 3478; x_wconf 90' lang='lat' dir='ltr'>patris</span> <span class='ocrx_word' id='word_1_214' title='bbox 1112 3398 1302 3479; x_wconf 87' lang='lat' dir='ltr'>Aesculapii</span> <span class='ocrx_word' id='word_1_215' title='bbox 1324 3398 1497 3478; x_wconf 86' lang='lat' dir='ltr'>Apollinis,</span> 
     </span>
     <span class='ocr_line' id='line_1_30' title="bbox 161 3491 1499 3586; baseline 0.001 -17"><span class='ocrx_word' id='word_1_216' title='bbox 161 3524 233 3569; x_wconf 89' lang='lat' dir='ltr'>oum</span> <span class='ocrx_word' id='word_1_217' title='bbox 246 3524 308 3585; x_wconf 87' lang='lat' dir='ltr'>quo</span> <span class='ocrx_word' id='word_1_218' title='bbox 322 3491 528 3569; x_wconf 85' lang='lat' dir='ltr'>coniunctum</span> <span class='ocrx_word' id='word_1_219' title='bbox 544 3505 778 3586; x_wconf 87' lang='lat' dir='ltr'>Aesculapium</span> <span class='ocrx_word' id='word_1_220' title='bbox 791 3504 981 3585; x_wconf 82' lang='lat' dir='ltr'>saepissime</span> <span class='ocrx_word' id='word_1_221' title='bbox 993 3514 1027 3567; x_wconf 91' lang='lat' dir='ltr'>et</span> <span class='ocrx_word' id='word_1_222' title='bbox 1039 3506 1146 3570; x_wconf 89' lang='lat' dir='ltr'>ecdem</span> <span class='ocrx_word' id='word_1_223' title='bbox 1163 3506 1280 3586; x_wconf 86' lang='lat' dir='ltr'>templo</span> <span class='ocrx_word' id='word_1_224' title='bbox 1293 3506 1413 3570; x_wconf 89' lang='lat' dir='ltr'>cultum</span> <span class='ocrx_word' id='word_1_225' title='bbox 1427 3524 1499 3570; x_wconf 88' lang='lat' dir='ltr'>esse</span> 
     </span>
     <span class='ocr_line' id='line_1_31' title="bbox 161 3610 1496 3694; baseline 0.001 -18"><span class='ocrx_word' id='word_1_226' title='bbox 161 3617 265 3676; x_wconf 87' lang='lat' dir='ltr'>testes</span> <span class='ocrx_word' id='word_1_227' title='bbox 278 3619 356 3676; x_wconf 87' lang='lat' dir='ltr'>snut</span> <span class='ocrx_word' id='word_1_228' title='bbox 369 3611 601 3692; x_wconf 85' lang='lat' dir='ltr'>inscriptiones</span> <span class='ocrx_word' id='word_1_229' title='bbox 616 3611 835 3675; x_wconf 86' lang='lat' dir='ltr'>dedicatoriae</span> <span class='ocrx_word' id='word_1_230' title='bbox 852 3610 1032 3691; x_wconf 88' lang='lat' dir='ltr'>permultae</span> <span class='ocrx_word' id='word_1_231' title='bbox 1048 3614 1101 3693; x_wconf 89' lang='lat' dir='ltr'>(cf.</span> <span class='ocrx_word' id='word_1_232' title='bbox 1119 3610 1348 3688; x_wconf 88' lang='lat' dir='ltr'>Wilamcwitz,</span> <span class='ocrx_word' id='word_1_233' title='bbox 1375 3612 1496 3694; x_wconf 88' lang='lat' dir='ltr'>Isyllus</span> 
     </span>
     <span class='ocr_line' id='line_1_32' title="bbox 162 3718 794 3803; baseline 0 -21"><span class='ocrx_word' id='word_1_234' title='bbox 162 3718 333 3801; x_wconf 84' lang='lat' dir='ltr'>[Philolog.</span> <span class='ocrx_word' id='word_1_235' title='bbox 362 3720 559 3784; x_wconf 86' lang='lat' dir='ltr'>Untersuch.</span> <span class='ocrx_word' id='word_1_236' title='bbox 586 3719 651 3802; x_wconf 84' lang='lat' dir='ltr'>IX]</span> <span class='ocrx_word' id='word_1_237' title='bbox 677 3737 728 3803; x_wconf 80' lang='lat' dir='ltr'>pg.</span> <span class='ocrx_word' id='word_1_238' title='bbox 753 3720 794 3798; x_wconf 87' lang='lat'>4).</span> 
     </span>
    </p>

    <p class='ocr_par' dir='ltr' id='par_1_5' title="bbox 161 3824 1497 4233">
     <span class='ocr_line' id='line_1_33' title="bbox 276 3824 1497 3908; baseline 0.002 -20"><span class='ocrx_word' id='word_1_239' title='bbox 276 3824 404 3908; x_wconf 77' lang='lat' dir='ltr'>Quarta</span> <span class='ocrx_word' id='word_1_240' title='bbox 441 3845 517 3905; x_wconf 87' lang='lat' dir='ltr'>pars</span> <span class='ocrx_word' id='word_1_241' title='bbox 554 3825 705 3890; x_wconf 88' lang='lat' dir='ltr'>versibus</span> <span class='ocrx_word' id='word_1_242' title='bbox 738 3828 869 3890; x_wconf 87' lang='grc'><strong>19-24</strong></span> <span class='ocrx_word' id='word_1_243' title='bbox 904 3827 1081 3905; x_wconf 83' lang='lat' dir='ltr'>oonrposita</span> <span class='ocrx_word' id='word_1_244' title='bbox 1110 3825 1224 3906; x_wconf 89' lang='lat' dir='ltr'>incipit</span> <span class='ocrx_word' id='word_1_245' title='bbox 1252 3847 1272 3890; x_wconf 88' lang='lat' dir='ltr'>a</span> <span class='ocrx_word' id='word_1_246' title='bbox 1303 3827 1497 3908; x_wconf 88' lang='lat' dir='ltr'>pentapcdia</span> 
     </span>
     <span class='ocr_line' id='line_1_34' title="bbox 161 3931 1497 4014; baseline 0.001 -17"><span class='ocrx_word' id='word_1_247' title='bbox 161 3932 324 4012; x_wconf 87' lang='lat' dir='ltr'>dactylica</span> <span class='ocrx_word' id='word_1_248' title='bbox 340 3933 522 3997; x_wconf 85' lang='lat' dir='ltr'>acatalecta</span> <span class='ocrx_word' id='word_1_249' title='bbox 544 3953 615 3996; x_wconf 87' lang='lat' dir='ltr'>cnm</span> <span class='ocrx_word' id='word_1_250' title='bbox 634 3933 787 3998; x_wconf 84' lang='lat' dir='ltr'>anacrusi</span> <span class='ocrx_word' id='word_1_251' title='bbox 803 3939 846 4014; x_wconf 89' lang='grc' dir='ltr'>(ν.</span> <span class='ocrx_word' id='word_1_252' title='bbox 870 3935 929 4014; x_wconf 80' lang='grc'>18),</span> <span class='ocrx_word' id='word_1_253' title='bbox 955 3951 1026 3997; x_wconf 90' lang='lat' dir='ltr'>cum</span> <span class='ocrx_word' id='word_1_254' title='bbox 1043 3952 1107 4014; x_wconf 85' lang='lat' dir='ltr'>qna</span> <span class='ocrx_word' id='word_1_255' title='bbox 1123 3931 1306 3998; x_wconf 87' lang='lat' dir='ltr'>arctissime</span> <span class='ocrx_word' id='word_1_256' title='bbox 1323 3936 1497 3999; x_wconf 86' lang='lat' dir='ltr'>cohaerent</span> 
     </span>
     <span class='ocr_line' id='line_1_35' title="bbox 163 4040 1490 4127; baseline 0.003 -25"><span class='ocrx_word' id='word_1_257' title='bbox 163 4040 248 4103; x_wconf 87' lang='lat' dir='ltr'>dnae</span> <span class='ocrx_word' id='word_1_258' title='bbox 273 4058 355 4119; x_wconf 86' lang='lat' dir='ltr'>quae</span> <span class='ocrx_word' id='word_1_259' title='bbox 379 4050 562 4119; x_wconf 89' lang='lat' dir='ltr'>sequnntur</span> <span class='ocrx_word' id='word_1_260' title='bbox 588 4041 791 4119; x_wconf 86' lang='lat' dir='ltr'>tetrapodiae</span> <span class='ocrx_word' id='word_1_261' title='bbox 828 4041 903 4127; x_wconf 81' lang='lat' dir='ltr'>(nv.</span> <span class='ocrx_word' id='word_1_262' title='bbox 932 4042 982 4104; x_wconf 83' lang='grc'>20.</span> <span class='ocrx_word' id='word_1_263' title='bbox 1009 4042 1063 4122; x_wconf 88' lang='grc'>21)</span> <span class='ocrx_word' id='word_1_264' title='bbox 1094 4058 1229 4119; x_wconf 86' lang='lat' dir='ltr'>quarum</span> <span class='ocrx_word' id='word_1_265' title='bbox 1262 4042 1369 4106; x_wconf 88' lang='lat' dir='ltr'>altera</span> <span class='ocrx_word' id='word_1_266' title='bbox 1406 4049 1490 4106; x_wconf 89' lang='lat' dir='ltr'>cata-</span> 
     </span>
     <span class='ocr_line' id='line_1_36' title="bbox 161 4145 1349 4233; baseline 0 -23"><span class='ocrx_word' id='word_1_267' title='bbox 161 4145 280 4210; x_wconf 79' lang='lat' dir='ltr'>lectica</span> <span class='ocrx_word' id='word_1_268' title='bbox 303 4155 354 4210; x_wconf 87' lang='lat' dir='ltr'>est</span> <span class='ocrx_word' id='word_1_269' title='bbox 377 4155 411 4210; x_wconf 91' lang='lat' dir='ltr'>et</span> <span class='ocrx_word' id='word_1_270' title='bbox 435 4148 542 4210; x_wconf 91' lang='lat' dir='ltr'>tribus</span> <span class='ocrx_word' id='word_1_271' title='bbox 567 4145 704 4228; x_wconf 83' lang='lat' dir='ltr'>syllabis</span> <span class='ocrx_word' id='word_1_272' title='bbox 728 4148 835 4228; x_wconf 83' lang='lat' dir='ltr'>longis</span> <span class='ocrx_word' id='word_1_273' title='bbox 859 4147 1028 4226; x_wconf 84' lang='lat' dir='ltr'>aptissime</span> <span class='ocrx_word' id='word_1_274' title='bbox 1052 4147 1172 4214; x_wconf 87' lang='lat' dir='ltr'>finitur.</span> <span class='ocrx_word' id='word_1_275' title='bbox 1345 4224 1349 4233; x_wconf 15' lang='grc' dir='ltr'>ὑ</span> 
     </span>
    </p>

    <p class='ocr_par' dir='ltr' id='par_1_6' title="bbox 162 4252 1496 4656">
     <span class='ocr_line' id='line_1_37' title="bbox 186 4252 1494 4338; baseline 0.004 -22"><span class='ocrx_word' id='word_1_276' title='bbox 186 4325 188 4327; x_wconf 47' lang='grc'><strong>,</strong></span> <span class='ocrx_word' id='word_1_277' title='bbox 276 4252 434 4317; x_wconf 89' lang='lat' dir='ltr'>Adiectae</span> <span class='ocrx_word' id='word_1_278' title='bbox 459 4261 538 4317; x_wconf 92' lang='lat' dir='ltr'>sunt</span> <span class='ocrx_word' id='word_1_279' title='bbox 571 4253 603 4317; x_wconf 90' lang='lat' dir='ltr'>in</span> <span class='ocrx_word' id='word_1_280' title='bbox 629 4253 693 4316; x_wconf 89' lang='lat' dir='ltr'>fine</span> <span class='ocrx_word' id='word_1_281' title='bbox 727 4253 861 4334; x_wconf 87' lang='lat' dir='ltr'>paeanis</span> <span class='ocrx_word' id='word_1_282' title='bbox 893 4254 1146 4317; x_wconf 84' lang='lat' dir='ltr'>exclamationes</span> <span class='ocrx_word' id='word_1_283' title='bbox 1175 4254 1245 4318; x_wconf 87' lang='lat' dir='ltr'>sive</span> <span class='ocrx_word' id='word_1_284' title='bbox 1278 4273 1386 4336; x_wconf 87' lang='lat' dir='ltr'>preces</span> <span class='ocrx_word' id='word_1_285' title='bbox 1417 4259 1494 4338; x_wconf 90' lang='lat' dir='ltr'><strong>(v.v.</strong></span> 
     </span>
     <span class='ocr_line' id='line_1_38' title="bbox 162 4360 1496 4442; baseline 0.003 -20"><span class='ocrx_word' id='word_1_286' title='bbox 162 4360 318 4442; x_wconf 85' lang='grc'><strong>22-24),</strong></span> <span class='ocrx_word' id='word_1_287' title='bbox 344 4379 426 4439; x_wconf 89' lang='lat' dir='ltr'>quae</span> <span class='ocrx_word' id='word_1_288' title='bbox 443 4368 480 4423; x_wconf 91' lang='lat' dir='ltr'>ut</span> <span class='ocrx_word' id='word_1_289' title='bbox 497 4380 567 4424; x_wconf 89' lang='lat' dir='ltr'>cum</span> <span class='ocrx_word' id='word_1_290' title='bbox 586 4361 643 4436; x_wconf 41' lang='lat' dir='ltr'>iisx</span> <span class='ocrx_word' id='word_1_291' title='bbox 663 4361 781 4441; x_wconf 87' lang='lat' dir='ltr'>quibus</span> <span class='ocrx_word' id='word_1_292' title='bbox 807 4371 874 4426; x_wconf 87' lang='lat' dir='ltr'>tres</span> <span class='ocrx_word' id='word_1_293' title='bbox 899 4361 1024 4440; x_wconf 84' lang='lat' dir='ltr'>priores</span> <span class='ocrx_word' id='word_1_294' title='bbox 1049 4370 1159 4442; x_wconf 86' lang='lat' dir='ltr'>partes</span> <span class='ocrx_word' id='word_1_295' title='bbox 1183 4361 1387 4436; x_wconf 86' lang='lat' dir='ltr'>clauduntur,</span> <span class='ocrx_word' id='word_1_296' title='bbox 1413 4381 1496 4426; x_wconf 91' lang='lat' dir='ltr'>com-</span> 
     </span>
     <span class='ocr_line' id='line_1_39' title="bbox 163 4465 1494 4549; baseline 0.005 -22"><span class='ocrx_word' id='word_1_297' title='bbox 163 4465 278 4547; x_wconf 87' lang='lat' dir='ltr'>parari</span> <span class='ocrx_word' id='word_1_298' title='bbox 303 4476 447 4546; x_wconf 89' lang='lat' dir='ltr'>possunt,</span> <span class='ocrx_word' id='word_1_299' title='bbox 475 4469 523 4531; x_wconf 88' lang='lat' dir='ltr'>ita</span> <span class='ocrx_word' id='word_1_300' title='bbox 547 4475 581 4531; x_wconf 89' lang='lat' dir='ltr'>et</span> <span class='ocrx_word' id='word_1_301' title='bbox 604 4487 737 4533; x_wconf 87' lang='lat' dir='ltr'>numero</span> <span class='ocrx_word' id='word_1_302' title='bbox 754 4488 907 4534; x_wconf 91' lang='lat' dir='ltr'>versnnm</span> <span class='ocrx_word' id='word_1_303' title='bbox 931 4479 966 4533; x_wconf 83' lang='lat' dir='ltr'>ct</span> <span class='ocrx_word' id='word_1_304' title='bbox 988 4487 1107 4549; x_wconf 86' lang='lat' dir='ltr'>genere</span> <span class='ocrx_word' id='word_1_305' title='bbox 1132 4468 1274 4548; x_wconf 83' lang='lat' dir='ltr'>rhythmi</span> <span class='ocrx_word' id='word_1_306' title='bbox 1291 4469 1494 4549; x_wconf 85' lang='lat' dir='ltr'>discrepant;</span> 
     </span>
     <span class='ocr_line' id='line_1_40' title="bbox 162 4575 1495 4656; baseline 0.001 -18"><span class='ocrx_word' id='word_1_307' title='bbox 162 4579 316 4638; x_wconf 88' lang='lat' dir='ltr'>constant</span> <span class='ocrx_word' id='word_1_308' title='bbox 336 4582 453 4643; x_wconf 87' lang='lat' dir='ltr'>autem</span> <span class='ocrx_word' id='word_1_309' title='bbox 485 4594 525 4638; x_wconf 85' lang='lat' dir='ltr'>ex</span> <span class='ocrx_word' id='word_1_310' title='bbox 554 4575 679 4640; x_wconf 88' lang='lat' dir='ltr'>duabus</span> <span class='ocrx_word' id='word_1_311' title='bbox 704 4576 891 4656; x_wconf 88' lang='lat' dir='ltr'>particulis,</span> <span class='ocrx_word' id='word_1_312' title='bbox 917 4595 1053 4655; x_wconf 88' lang='lat' dir='ltr'>quarum</span> <span class='ocrx_word' id='word_1_313' title='bbox 1079 4575 1166 4656; x_wconf 92' lang='lat' dir='ltr'>prior</span> <span class='ocrx_word' id='word_1_314' title='bbox 1189 4575 1269 4638; x_wconf 87' lang='lat' dir='ltr'>duos</span> <span class='ocrx_word' id='word_1_315' title='bbox 1295 4594 1408 4641; x_wconf 83' lang='lat' dir='ltr'>versus</span> <span class='ocrx_word' id='word_1_316' title='bbox 1432 4595 1495 4639; x_wconf 89' lang='lat' dir='ltr'>am·</span> 
     </span>
    </p>
   </div>
   <div class='ocr_carea' id='block_1_3' title="bbox 1309 4700 1339 4753">
    <p class='ocr_par' dir='ltr' id='par_1_7' title="bbox 1309 4700 1339 4753">
     <span class='ocr_line' id='line_1_41' title="bbox 1309 4700 1339 4753; baseline 0 -25"><span class='ocrx_word' id='word_1_317' title='bbox 1309 4700 1339 4753; x_wconf 60' lang='lat' dir='ltr'>p</span> 
     </span>
    </p>
   </div>
   <div class='ocr_carea' id='block_1_4' title="bbox 0 0 1673 5078">
    <p class='ocr_par' dir='ltr' id='par_1_8' title="bbox 0 0 1673 5078">
     <span class='ocr_line' id='line_1_42' title="bbox 0 0 1673 5078; baseline 0 0"><span class='ocrx_word' id='word_1_318' title='bbox 0 0 1673 5078; x_wconf 95' lang='lat' dir='ltr'> </span> 
     </span>
    </p>
   </div>
  </div>
 </body>
</html>
