3324 5078
373 283 444 336 Num
465 284 603 338 Cluentius
623 285 655 337 de
675 284 784 337 erimine
804 285 893 338 indicii
912 285 1029 353 corrupti
1049 301 1157 338 oausam
1177 285 1281 340 dixerit.
1430 287 1493 349 ‘209

161 485 233 541 crat
257 498 351 559 quam
376 481 409 544 in
435 501 533 545 causa
558 480 748 561 Oppianici,
787 486 920 560 propter
955 499 1050 558 quam
1090 479 1219 544 indiciis
1253 479 1390 560 publicis
1424 483 1494 544 sub·

160 584 454 666 scriptionibusqne
478 587 636 650 censoriis
662 586 693 649 in
721 606 784 648 eos·
807 586 861 664 qui
887 605 957 649 eam
985 605 1049 650 reni
1088 586 1317 650 iudicaverant
1352 585 1494 650 animad-

161 711 312 775 versum,
349 701 426 757 nota
461 695 609 756 censoria
646 692 748 771 ipsius
774 691 905 757 Cluenti
933 692 1054 755 nomini
1079 692 1265 771 subscripta
1297 699 1378 756 erat.
1427 694 1492 756 lam

160 820 187 863 a.
205 803 247 864 66
265 819 293 864 a.
313 801 388 864 Clu,
417 807 522 862 utrum
550 798 590 862 iis
616 799 741 862 occasio
767 799 878 863 oblata
903 797 947 860 sit
964 797 1096 862 Cluenti
1121 798 1296 862 accusandi
1321 817 1362 861 au
1388 798 1495 878 potius

161 913 291 986 captata
315 909 355 971 ab
381 906 476 987 ipsis,
503 905 535 970 id
564 907 648 985 quod
673 906 787 970 Cicero
812 904 980 987 significat
1008 905 1042 990 (ξ
1076 907 1166 986 160),
1205 924 1262 968 uos
1294 903 1493 985 ignoramus.

161 1013 223 1077 bled
249 1012 282 1076 id
307 1033 432 1092 qnoque
456 1012 499 1076 iis
525 1011 646 1076 favisse
672 1012 829 1090 videmus,
855 1012 938 1092 qnod
964 1011 1075 1075 eadem
1100 1011 1153 1075 lex
1170 1010 1324 1076 Cornelia
1348 1011 1386 1075 de
1405 1030 1495 1074 vene·

164 1118 232 1182 ‘icis
258 1138 319 1182 uon
345 1118 447 1182 solum
474 1119 589 1183 veneni
608 1119 680 1183 ,sed
718 1118 817 1182 etiam
855 1117 967 1183 iudicii
999 1117 1144 1198 corrupti
1176 1118 1296 1180 crimen
1329 1136 1495 1198 perseque-

163 1232 273 1300 uatur;
300 1244 371 1287 narn
398 1223 445 1288 ita
470 1224 575 1290 miuus
600 1224 780 1306 periculum
806 1235 887 1303 erat,
913 1245 952 1289 ue
977 1223 1062 1288 actio
1088 1231 1210 1288 utnon
1238 1223 1383 1305 legitima
1406 1242 1494 1304 repu-

161 1329 318 1394 diaretur.
352 1330 503 1396 Ceterum
522 1331 710 1397 Cluentium
737 1331 820 1413 legis
845 1330 1008 1412 praesidio
1026 1329 1154 1394 delendi
1173 1349 1266 1410 posse
1291 1349 1344 1394 eos
1364 1330 1496 1394 minime

161 1435 297 1517 l'el'ellit3
331 1439 386 1502 sed
412 1438 475 1502 uisi
500 1438 626 1504 invidia
650 1439 722 1520 ipsa
747 1439 860 1504 iudicii
892 1437 1037 1518 corrupti
1070 1437 1175 1501 diluta
1207 1447 1308 1514 essct,
1344 1437 1375 1501 id
1413 1437 1496 1517 qnod

160 1542 311 1607 Ciceroni
334 1543 559 1608 difficillimum
585 1551 666 1620 erat,
692 1557 818 1610 certum
843 1552 916 1610 erat
940 1544 1010 1608 fieri
1036 1564 1099 1608 uon
1124 1562 1219 1624 posse
1244 1554 1281 1608 ut
1297 1552 1493 1609 servaretur.

161 1649 246 1712 Nam
272 1648 434 1714 iudicibus
459 1670 498 1714 ne
523 1650 551 1714 si
577 1651 764 1716 Cluentium
799 1652 1021 1716 absolvissent
1045 1649 1157 1716 indicii
1189 1649 1318 1715 Iuniani
1344 1650 1499 1716 invidiam

160 1754 224 1835 ipsi
249 1755 312 1822 sibi
337 1757 579 1835 contraherent,
606 1757 747 1823 maxime
771 1765 846 1824 erat
870 1758 1060 1823 timendum.

275 1863 423 1944 Denique
447 1863 681 1944 praeiudicium
710 1877 826 1930 contra
857 1865 960 1947 legem
983 1866 1090 1929 facere
1114 1863 1251 1928 iudicem
1279 1882 1381 1944 posse,
1415 1864 1500 1927 dum-

161 1969 252 2032 modo
277 1968 417 2033 omuium
443 1969 563 2042 civium
588 1989 747 2035 consensu
779 1978 813 2036 et
843 1972 964 2038 studiis
995 1991 1048 2036 res
1081 1971 1249 2037 iuberetur
1273 1979 1371 2051 atque
1394 1969 1499 2034 defeu-

163 2074 311 2153 deretur,
345 2084 516 2140 accusator
549 2076 710 2142 iudicibus
741 2078 971 2158 persuadebat.
1022 2078 1058 2142 [d
1082 2077 1168 2142 euim
1194 2097 1234 2142 ex
1258 2076 1309 2141 his
1333 2075 1499 2142 Ciceronis

162 2180 317 2268 verbis§
346 2185 405 2248 160
429 2183 667 2251 concludimus:
700 2185 816 2264 „Haec
846 2184 875 2248 si
900 2185 937 2250 Τ.
966 2184 1088 2250 Accius
1118 2192 1177 2249 aut
1207 2183 1413 2266 cognovisset
1443 2191 1501 2247 aut

161 2288 348 2368 cogitasset,
374 2288 517 2368 prolecto
543 2309 583 2354 ue
608 2299 744 2357 conatus
777 2291 907 2372 quidem
943 2300 1031 2356 esset
1067 2292 1175 2357 dicere
1211 2291 1244 2355 id
1274 2291 1358 2372 quod
1389 2290 1499 2354 multis

162 2394 272 2459 verbis
308 2394 392 2477 egit,
431 2396 568 2461 iudicem
605 2392 688 2477 quod
721 2399 752 2463 ei
784 2398 954 2472 videatur,
988 2404 1135 2463 statuere
1165 2406 1198 2462 et
1226 2416 1289 2462 uon
1314 2395 1499 2462 devinctum

161 2501 287 2581 legibus
312 2521 382 2566 esse
406 2510 601 2587 oportere‘3
625 2503 664 2568 cf.
690 2503 791 2569 etiam
816 2507 935 2586 §1552
963 2524 1025 2583 „ue
1049 2505 1121 2587 lege
1146 2524 1193 2586 ea,
1220 2524 1313 2585 quam
1328 2523 1498 2584 numquam

162 2608 232 2688 ipse
256 2607 392 2673 iusserit
415 2610 565 2695 (populus
582 2612 769 2694 Romanus),
795 2619 829 2676 et
845 2612 1038 2691 quaestione
1055 2631 1120 2692 qua
1136 2631 1172 2676 se
1188 2612 1330 2700 solutum
1350 2611 1497 2675 liberum-

162 2735 222 2794 que
260 2734 332 2779 esse
367 2716 557 2794 arbitretur,
594 2737 651 2798 per
682 2737 803 2799 paucos
835 2718 959 2783 iudices
994 2717 1256 2800 adstringatur.
1314 2717 1433 2782 Verum
1471 2717 1499 2781 si

160 2821 232 2901 quis
257 2822 459 2888 dubitaverit
483 2843 559 2888 uum
584 2824 640 2888 illo
659 2832 803 2905 tempore
826 2825 949 2890 iudices
967 2824 1090 2889 luerint
1106 2823 1161 2904 qui
1183 2824 1248 2888 tale
1265 2823 1497 2904 praeiudicium

161 2939 293 3009 praeter
316 2930 417 3011 legem
444 2932 552 2996 tacere
575 2931 753 3009 auderent,
780 2931 872 2997 illum
898 2931 1063 2997 reminisci
1090 2931 1184 2996 velim
1211 2930 1246 2996 C.
1273 2928 1393 2995 lulium
1419 2929 1499 2995 Cae·

163 3054 268 3099 sarem
295 3035 431 3100 iudicem
456 3037 657 3117 quaestionis
682 3038 794 3119 paucis
819 3039 915 3103 aunis
941 3045 1014 3120 post
1039 3058 1115 3115 „eos
1150 3056 1275 3119 quoquc
1306 3035 1495 3101 sicariorum

161 3162 295 3208 numero
332 3145 503 3221 habuisse,
540 3145 595 3225 qni
631 3145 869 3227 proscriptione
904 3149 944 3210 ob
981 3146 1088 3209 relata
1123 3144 1244 3209 civium
1280 3145 1497 3208 Romanorum

159 3250 268 3331 capita
294 3251 446 3330 pecunias
470 3272 510 3316 ex
535 3252 664 3317 aerario
689 3255 951 3336 acceperanttl)
989 3255 1037 3317 [la
1054 3251 1203 3332 quaestio
1227 3249 1406 3316 constituta
1422 3258 1495 3315 erat

159 3359 229 3438 lege
254 3357 407 3422 Cornelia
437 3359 477 3423 de
507 3359 636 3424 sicariis
667 3366 701 3424 et
729 3360 893 3425 veneficis
941 3365 990 3424 At
1020 3359 1100 3441 ipsis
1134 3359 1260 3442 legibus
1284 3357 1445 3424 Corneliis
1469 3357 1491 3422 ii

158 3464 212 3543 qui
239 3465 277 3528 de
302 3464 427 3529 civibus
452 3465 608 3531 Romanis
632 3486 672 3531 ex
698 3468 937 3549 proscriptione
962 3467 1098 3533 Sullana
1129 3465 1322 3547 supplicium
1353 3483 1490 3545 sumpse-

160 3579 234 3634 runt
258 3573 383 3651 excepti
408 3581 500 3650 suut,
537 3593 575 3637 ne
607 3574 663 3638 illa
695 3554 770 3656 lege
796 3576 835 3640 de
860 3575 990 3640 sicariis
1015 3581 1048 3638 et
1072 3573 1226 3639 veneticis
1250 3578 1489 3637 accusarentur.

158 3678 271 3757 Neque
297 3686 404 3742 tamen
435 3680 513 3743 haec
545 3679 691 3760 legitima
721 3682 870 3764 exceptio
901 3680 1131 3762 impedimento
1163 3681 1227 3745 fuit
1250 3679 1420 3761 quominus
1446 3678 1491 3743 rei

158 3784 400 3848 damnarentur.

200 3897 375 3992 ww&
396 3929 462 3982 citos
495 3932 531 3981 u.
571 3929 610 3983 or.
631 3930 728 3998 sango,
750 3931 779 3983 u.
794 3936 824 3985 n.
846 3932 909 3985 nm
927 3933 988 3985 sao.

571 4821 739 5060 SSXZB
804 4836 927 4954 [th
