3322 5086
371 321 444 380 Num
463 323 605 383 Cluentius
624 329 657 381 de
677 328 787 381 crimine
806 323 897 381 iudicii
915 327 1033 394 corrupti
1052 343 1161 381 causam
1180 323 1286 382 dixerit.
1435 324 1499 391 205

267 527 300 605 (ξ
328 528 403 605 143)
460 527 579 603 „Nunc
613 524 765 604 quoniam
795 526 835 589 ad
871 524 979 589 omnia
1015 542 1099 604 quac
1134 525 1192 588 abs
1221 507 1254 587 te
1290 523 1378 589 dicta
1413 528 1511 596 sunt„

157 629 196 694 Τ.
221 631 312 708 Acci,
339 633 378 696 de
397 631 578 712 ,Oppianici
602 630 812 695 ‹larnuatione
837 631 999 712 respondi,
1024 628 1203 694 confiteare
1226 647 1358 694 necesse
1381 634 1442 704 est,
1468 633 1501 692 tc

80 764 83 770 ·
157 737 341 817 opinionem
366 739 504 802 multum
528 735 699 814 fefellisse,
732 739 816 817 quod
840 736 1042 802 existimaris
1068 756 1118 801 me
1147 755 1278 801 causam
1303 738 1342 802 Α.
1368 735 1500 801 Cluenti

157 864 220 910 non
245 845 332 911 facto
356 847 437 924 eius
462 846 518 909 sed
543 845 614 926 lege
637 842 856 909 defensurum.
897 845 983 910 Nam
1001 845 1060 908 lroc
1084 861 1239 924 persaepe
1263 842 1349 907 dixti
1374 841 1435 908 tibi
1453 841 1501 906 sic

158 952 352 1029 renuntiari,
378 971 429 1015 me
454 953 573 1015 habere
590 950 624 1014 in
649 950 757 1015 animo
782 970 912 1016 causam
930 952 1014 1015 hanc
1038 949 1204 1031 praesidio
1229 949 1311 1032 legis
1328 949 1501 1015 defendere

158 1111 167 1131 .,
184 1110 190 1123 .
210 1109 243 1124 ..
269 1058 429 1142 Quisnam
450 1058 510 1121 hoc
533 1057 595 1122 tibi
621 1058 850 1126 renuntiavit?
878 1109 938 1125 ...
964 1057 1130 1124 Nimirum
1155 1056 1217 1122 tibi
1240 1056 1329 1138 istud
1352 1057 1407 1120 lex
1430 1056 1502 1136 ipsa

158 1164 398 1231 renuntiavit“
494 1207 496 1211 ν
1095 1215 1096 1218 ,
1482 1235 1483 1238 ,

264 1273 311 1336 In
328 1270 440 1335 eadem
457 1270 619 1336 orationis
641 1278 735 1352 parte
752 1290 792 1336 ea
807 1289 933 1351 quoque
949 1271 988 1338 Τ.
1006 1271 1144 1336 Aeolum
1168 1270 1292 1336 dixisse
1308 1268 1499 1350 existimem,

157 1378 274 1458 quibus
298 1377 442 1443 huncio
467 1378 595 1443 modum
620 1378 737 1445 Oicero
761 1377 954 1459 respondet:

268 1485 405 1571 (5145)
464 1486 601 1566 „Neque
631 1505 682 1551 me
710 1485 769 1551 illa
800 1485 905 1551 oratio
935 1491 1132 1565 commovet,
1178 1485 1263 1566 quod
1298 1483 1348 1550 ait
1379 1483 1501 1550 Accius

157 1592 325 1674 iudignum
360 1610 433 1658 esse
463 1592 604 1671 facinus,
648 1592 679 1658 si
713 1600 848 1658 senator
877 1591 998 1658 iudicio
1026 1592 1208 1672 quempiam
1237 1591 1499 1670 circumvenerit,

157 1700 285 1782 legibus
309 1719 383 1765 eum
407 1699 528 1765 teneri:
555 1699 584 1764 si
608 1717 708 1781 eques
732 1701 899 1765 Romanus
924 1701 983 1765 hoo
1006 1698 1092 1764 idern
1117 1698 1243 1776 fecerit,
1267 1717 1332 1764 nou
1356 1697 1500 1780 teueri;“

157 1825 240 1888 quae
255 1811 291 1872 et
307 1812 501 1887 repetuntur
515 1805 539 1893 ξ
554 1808 617 1872 150
634 1806 804 1890 „iniquum
820 1807 882 1872 tibi
898 1806 1039 1890 videtur,
1055 1807 1199 1885 TsAcei,
1217 1825 1289 1872 esse
1306 1825 1369 1873 nou
1386 1805 1500 1871 iisdem

156 1913 284 1996 legibn's
313 1932 426 1979 omnes
456 1914 584 1979 teueri“
609 1919 644 1978 et
671 1915 898 1996 depravantur
920 1917 941 1995 ὅ
967 1915 1031 1980 156
1061 1913 1154 1996 „agit
1181 1913 1267 1979 enim
1290 1912 1340 1979 sic
1369 1930 1500 1978 causam

157 2022 194 2086 Τ.
226 2020 350 2086 Accius
380 2020 569 2087 adolescens
599 2022 703 2087 bouus
733 2027 768 2086 et
798 2023 943 2087 disertus
973 2038 1084 2086 omnes
1115 2015 1205 2088 cives
1235 2019 1363 2103 legibus
1394 2017 1500 2085 teneri

157 2127 339 2192 omuibus.‘¹
1282 2185 1283 2193 ,

182 2286 188 2295 ,
269 2233 457 2299 Cluentium
484 2233 588 2316 igitur
604 2233 748 2315 equitem
766 2237 946 2301 Romanum
963 2235 1025 2300 hac
1046 2234 1118 2317 lege
1135 2234 1290 2301 Cornelia
1306 2253 1369 2299 nou
1394 2233 1500 2299 teneri

157 2347 379 2406 accusatorem
419 2340 552 2406 minime
590 2341 685 2424 fugit.
743 2343 812 2406 Iam
848 2342 877 2407 si
912 2341 1036 2408 Bardti'
1078 2340 1277 2412 senteutiam
1317 2359 1499 2421 sequamur,

158 2466 314 2528 quaerere
338 2465 472 2512 necesse
496 2453 556 2524 est,
581 2467 742 2530 quaenam
766 2466 867 2512 causa
891 2447 993 2513 Accio
1016 2447 1119 2514 fuerit
1142 2447 1239 2513 huius
1262 2447 1344 2530 legis
1368 2465 1499 2513 comme·

158 2554 349 2619 morandae:
379 2555 413 2619 id
443 2555 528 2635 quod
558 2554 614 2621 ille
643 2575 757 2638 parum
782 2573 842 2620 nos
871 2553 990 2621 docuit.
1038 2557 1096 2621 Au
1123 2560 1295 2621 accusator
1324 2574 1388 2620 uon
1417 2554 1500 2620 satis

157 2661 294 2743 periculi
311 2661 463 2727 Cluentio
487 2661 599 2726 creari.
623 2662 861 2739 arbitrabatur,
885 2661 915 2726 si
942 2668 1086 2728 veterem
1112 2661 1203 2726 illius
1227 2660 1341 2727 iudicii
1368 2661 1499 2727 Iuniani

158 2769 316 2834 invidiam
342 2774 541 2835 renovaret?
565 2769 594 2835 si
613 2755 742 2852 copiose
766 2769 906 2834 hominis
930 2768 1192 2834 innocentissimi
1215 2768 1366 2834 fortunas
1390 2769 1499 2850 deper-

158 2876 259 2956 ditas,
292 2877 466 2942 seelestam
491 2875 629 2942 Cluenti¹
656 2877 804 2942 fraudem
828 2881 862 2942 et
885 2877 1045 2942 malitiam
1069 2875 1278 2943 ostentaret?
1310 2874 1339 2940 si
1362 2873 1500 2955 denique

160 2984 218 3047 hoc
242 2989 372 3048 tantum
394 2973 501 3048 scelus
525 2983 641 3048 tollere
665 2989 764 3063 atque
781 2982 951 3048 vindicare
974 2981 1099 3048 iudices
1116 2980 1453 3049 obtestareturfOur
1469 2980 1499 3045 ei

158 3109 238 3172 opus
262 3096 336 3155 erat
359 3091 430 3172 lege
449 3089 605 3156 Cornelia
628 3090 669 3155 de
691 3089 823 3155 iudiciis
847 3090 1020 3171 corruptis
1045 3089 1074 3157 si
1099 3109 1163 3154 uon
1187 3094 1360 3155 accusarat
1383 3087 1499 3153 (liuen-

159 3197 239 3262 tium
254 3199 314 3262 bac
330 3197 425 3280 lege?
456 3197 520 3264 Sed
539 3197 712 3263 Bardtium
729 3196 779 3261 illi
797 3215 915 3262 causae
938 3196 1110 3277 communi,
1127 3215 1211 3278 quae
1223 3201 1257 3262 et
1269 3194 1452 3288 accusatori
1466 3199 1500 3260 et

158 3310 296 3384 patrono
313 3305 415 3369 multo
431 3304 565 3387 gravior
588 3305 653 3370 fuit
668 3323 764 3385 quam
783 3303 914 3386 propria
930 3292 1030 3370 causa
1046 3303 1190 3388 (liuenti,
1213 3322 1328 3385 parurn
1344 3301 1508 3367 momenti.

159 3411 315 3476 tribuisse
341 3411 392 3477 bic
416 3411 620 3493 potissimum
644 3411 761 3501 elucet.
1262 3439 1264 3443 ’

181 3693 185 3701 ,
269 3627 299 3689 3.
326 3625 401 3690 Non
425 3631 491 3690 tam
516 3624 827 3707 propriamOlueuti
851 3644 946 3704 qnam
978 3642 1179 3692 communem
1196 3626 1348 3707 aliquam
1365 3642 1498 3690 cansam

159 3732 259 3797 fuisse
284 3732 323 3796 de
347 3751 411 3811 qua
441 3732 597 3798 iudicium
621 3731 692 3797 fieri
724 3738 896 3798 accusator
921 3732 1035 3815 vellet,
1059 3731 1175 3799 Cicero
1206 3732 1350 3798 affirmat
1371 3735 1392 3812 ξ
1419 3732 1497 3796 160:

160 3840 307 3921 „reliqua
333 3859 494 3921 perpauca
523 3845 615 3924 sunt,
637 3858 720 3921 quae
744 3840 821 3921 quia
845 3845 977 3905 vestrae
1000 3838 1204 3922 quaestionis
1235 3845 1346 3918 eraut,
1378 3836 1498 3902 idcirco

159 3947 208 4032 illi
231 3949 419 4012 statuerunt
445 3947 597 4030 fingenda
619 3947 779 4012 essesibi
803 3953 837 4013 et
860 3947 1064 4036 proferenda,
1086 3966 1130 4024 ¹ne
1152 3946 1295 4013 omnium
1318 3935 1499 4027 turpissimi

159 4054 395 4135 reperirentur,
428 4055 457 4119 si
481 4055 516 4120 in
547 4055 701 4120 iudicium
726 4054 808 4119 nihil
837 4059 968 4135 praeter
998 4053 1156 4120 invidiam
1188 4053 1412 4121 attulissent.¹‘
1459 4052 1499 4116 ln

160 4161 216 4225 illa
233 4161 318 4225 enirn
345 4162 469 4227 invidia
486 4181 549 4227 nou
567 4161 700 4228 Cluenti
726 4161 889 4244 proprium
910 4161 1099 4242 periculum.
1125 4161 1182 4226 sed
1198 4178 1297 4226 causa
1321 4157 1497 4225 communis

159 4270 318 4349 agebatur
341 4273 374 4349 (ξ
391 4271 433 4350 3).
475 4269 570 4353 Illam
597 4268 824 4348 „contionibus
846 4269 1001 4334 seditiose
1017 4267 1154 4351 agitatis
1178 4267 1498 4332 accommodatiorem

160 4393 342 4455 essequam
360 4375 549 4455 tranquillis
566 4362 806 4456 moderatisque
822 4364 973 4440 iudiciis*
995 4375 1115 4441 iterum
1133 4381 1231 4455 atque
1248 4374 1365 4440 iterum
1383 4372 1497 4440 Cicero

159 4481 330 4545 exclamat.
380 4501 382 4506 ·
1352 4488 1356 4495 '

271 4586 434 4655 Nimirum
477 4607 540 4653 nou
581 4595 649 4653 turn
693 4586 831 4669 primum
867 4605 967 4652 cansa
1002 4587 1092 4653 illius
1128 4587 1241 4653 iudicii
1274 4586 1418 4668 corrupti
1450 4586 1498 4651 ita
