<?xml version="1.0" encoding="UTF-8"?>
<!DOCTYPE html PUBLIC "-//W3C//DTD XHTML 1.0 Transitional//EN"
    "http://www.w3.org/TR/xhtml1/DTD/xhtml1-transitional.dtd">
<html xmlns="http://www.w3.org/1999/xhtml" xml:lang="en" lang="en">
 <head>
  <title>
</title>
<meta http-equiv="Content-Type" content="text/html;charset=utf-8" />
  <meta name='ocr-system' content='tesseract 3.04.00' />
  <meta name='ocr-capabilities' content='ocr_page ocr_carea ocr_par ocr_line ocrx_word'/>
</head>
<body>
  <div class='ocr_page' id='page_1' title='image "./commentationesp01mngoog_0111.png"; bbox 0 0 3322 5086; ppageno 0'>
   <div class='ocr_carea' id='block_1_1' title="bbox 219 338 1016 407">
    <p class='ocr_par' dir='ltr' id='par_1_1' title="bbox 219 338 1016 407">
     <span class='ocr_line' id='line_1_1' title="bbox 219 338 1016 407; baseline -0.001 -15"><span class='ocrx_word' id='word_1_1' title='bbox 219 343 281 405; x_wconf 83' lang='lat'>102</span> <span class='ocrx_word' id='word_1_2' title='bbox 744 338 839 393; x_wconf 75' lang='lat' dir='ltr'>Frena</span> <span class='ocrx_word' id='word_1_3' title='bbox 857 339 912 392; x_wconf 81' lang='lat' dir='ltr'>loe.</span> <span class='ocrx_word' id='word_1_4' title='bbox 931 338 1016 407; x_wconf 85' lang='lat' dir='ltr'>Engel</span> 
     </span>
    </p>
   </div>
   <div class='ocr_carea' id='block_1_2' title="bbox 193 533 1552 1581">
    <p class='ocr_par' dir='ltr' id='par_1_2' title="bbox 213 533 1551 1257">
     <span class='ocr_line' id='line_1_2' title="bbox 327 533 1547 618; baseline 0.002 -19"><span class='ocrx_word' id='word_1_5' title='bbox 327 535 435 599; x_wconf 91' lang='lat' dir='ltr'>Multo</span> <span class='ocrx_word' id='word_1_6' title='bbox 460 533 588 598; x_wconf 80' lang='lat' dir='ltr'>facilior</span> <span class='ocrx_word' id='word_1_7' title='bbox 611 541 645 597; x_wconf 88' lang='lat' dir='ltr'>et</span> <span class='ocrx_word' id='word_1_8' title='bbox 668 534 869 614; x_wconf 78' lang='lat' dir='ltr'>probabilior</span> <span class='ocrx_word' id='word_1_9' title='bbox 892 542 944 600; x_wconf 87' lang='lat' dir='ltr'>est</span> <span class='ocrx_word' id='word_1_10' title='bbox 969 535 1057 615; x_wconf 90' lang='lat' dir='ltr'>prior</span> <span class='ocrx_word' id='word_1_11' title='bbox 1077 534 1269 604; x_wconf 89' lang='lat' dir='ltr'>emendandi</span> <span class='ocrx_word' id='word_1_12' title='bbox 1291 536 1376 601; x_wconf 92' lang='lat' dir='ltr'>ratio</span> <span class='ocrx_word' id='word_1_13' title='bbox 1403 557 1423 601; x_wconf 93' lang='lat' dir='ltr'>a</span> <span class='ocrx_word' id='word_1_14' title='bbox 1450 538 1547 618; x_wconf 84' lang='lat' dir='ltr'>Spen·</span> 
     </span>
     <span class='ocr_line' id='line_1_3' title="bbox 216 637 1551 729; baseline 0.001 -24"><span class='ocrx_word' id='word_1_15' title='bbox 216 642 300 724; x_wconf 82' lang='lat' dir='ltr'>gelio</span> <span class='ocrx_word' id='word_1_16' title='bbox 325 637 506 722; x_wconf 90' lang='lat' dir='ltr'>proposita,</span> <span class='ocrx_word' id='word_1_17' title='bbox 542 647 579 704; x_wconf 91' lang='lat' dir='ltr'>ut</span> <span class='ocrx_word' id='word_1_18' title='bbox 610 644 709 706; x_wconf 87' lang='lat' dir='ltr'>verba</span> <span class='ocrx_word' id='word_1_19' title='bbox 733 641 752 729; x_wconf 82' lang='grc' dir='ltr'>ἢ</span> <span class='ocrx_word' id='word_1_20' title='bbox 776 646 919 726; x_wconf 71' lang='lat' dir='ltr'>repertor</span> <span class='ocrx_word' id='word_1_21' title='bbox 944 659 1077 722; x_wconf 87' lang='lat' dir='ltr'>prorsus</span> <span class='ocrx_word' id='word_1_22' title='bbox 1101 641 1265 729; x_wconf 73' lang='lat' dir='ltr'><strong>eiciamus.</strong></span> <span class='ocrx_word' id='word_1_23' title='bbox 1313 641 1444 706; x_wconf 78' lang='lat' dir='ltr'><strong>Etenim</strong></span> <span class='ocrx_word' id='word_1_24' title='bbox 1471 643 1551 708; x_wconf 87' lang='lat' dir='ltr'>Ari·</span> 
     </span>
     <span class='ocr_line' id='line_1_4' title="bbox 215 746 1550 830; baseline 0.001 -18"><span class='ocrx_word' id='word_1_25' title='bbox 215 749 360 824; x_wconf 75' lang='lat' dir='ltr'>stoteleS,</span> <span class='ocrx_word' id='word_1_26' title='bbox 386 756 422 811; x_wconf 90' lang='lat' dir='ltr'>ut</span> <span class='ocrx_word' id='word_1_27' title='bbox 440 747 505 812; x_wconf 87' lang='lat' dir='ltr'>iam</span> <span class='ocrx_word' id='word_1_28' title='bbox 522 765 621 828; x_wconf 89' lang='lat' dir='ltr'>supra</span> <span class='ocrx_word' id='word_1_29' title='bbox 645 746 794 823; x_wconf 70' lang='lat' dir='ltr'>diximus,</span> <span class='ocrx_word' id='word_1_30' title='bbox 821 747 1026 830; x_wconf 81' lang='lat' dir='ltr'>tyrannidem</span> <span class='ocrx_word' id='word_1_31' title='bbox 1052 747 1155 828; x_wconf 80' lang='lat' dir='ltr'>ipsam</span> <span class='ocrx_word' id='word_1_32' title='bbox 1179 766 1303 827; x_wconf 90' lang='lat' dir='ltr'>quoque</span> <span class='ocrx_word' id='word_1_33' title='bbox 1328 749 1448 812; x_wconf 89' lang='lat' dir='ltr'>babere</span> <span class='ocrx_word' id='word_1_34' title='bbox 1472 749 1550 813; x_wconf 91' lang='lat' dir='ltr'>diffi-</span> 
     </span>
     <span class='ocr_line' id='line_1_5' title="bbox 213 854 1550 935; baseline 0 -15"><span class='ocrx_word' id='word_1_35' title='bbox 213 855 353 920; x_wconf 87' lang='lat' dir='ltr'>cultates</span> <span class='ocrx_word' id='word_1_36' title='bbox 378 854 591 933; x_wconf 90' lang='lat' dir='ltr'>sequentibus</span> <span class='ocrx_word' id='word_1_37' title='bbox 616 855 726 920; x_wconf 89' lang='lat' dir='ltr'>verbis</span> <span class='ocrx_word' id='word_1_38' title='bbox 743 860 822 920; x_wconf 91' lang='lat' dir='ltr'>adeo</span> <span class='ocrx_word' id='word_1_39' title='bbox 839 873 902 918; x_wconf 90' lang='lat' dir='ltr'>nou</span> <span class='ocrx_word' id='word_1_40' title='bbox 928 856 1054 935; x_wconf 89' lang='lat' dir='ltr'>probat,</span> <span class='ocrx_word' id='word_1_41' title='bbox 1081 861 1126 934; x_wconf 87' lang='lat' dir='ltr'>ut,</span> <span class='ocrx_word' id='word_1_42' title='bbox 1152 861 1315 934; x_wconf 77' lang='lat' dir='ltr'><strong>tamquam</strong></span> <span class='ocrx_word' id='word_1_43' title='bbox 1332 855 1422 920; x_wconf 87' lang='lat' dir='ltr'>inter</span> <span class='ocrx_word' id='word_1_44' title='bbox 1438 875 1550 921; x_wconf 89' lang='lat' dir='ltr'>omnes</span> 
     </span>
     <span class='ocr_line' id='line_1_6' title="bbox 216 960 1549 1043; baseline 0 -17"><span class='ocrx_word' id='word_1_45' title='bbox 216 965 274 1027; x_wconf 90' lang='lat' dir='ltr'>hoo</span> <span class='ocrx_word' id='word_1_46' title='bbox 297 961 426 1042; x_wconf 91' lang='lat' dir='ltr'>quidem</span> <span class='ocrx_word' id='word_1_47' title='bbox 451 966 595 1042; x_wconf 86' lang='lat' dir='ltr'>constet,</span> <span class='ocrx_word' id='word_1_48' title='bbox 623 961 687 1040; x_wconf 91' lang='lat' dir='ltr'>eis,</span> <span class='ocrx_word' id='word_1_49' title='bbox 718 980 801 1043; x_wconf 89' lang='lat' dir='ltr'>quae</span> <span class='ocrx_word' id='word_1_50' title='bbox 825 968 986 1042; x_wconf 77' lang='lat' dir='ltr'>tyrannus</span> <span class='ocrx_word' id='word_1_51' title='bbox 1010 961 1105 1038; x_wconf 86' lang='lat' dir='ltr'>lacit,</span> <span class='ocrx_word' id='word_1_52' title='bbox 1142 969 1257 1026; x_wconf 80' lang='lat' dir='ltr'>utatur</span> <span class='ocrx_word' id='word_1_53' title='bbox 1286 961 1328 1026; x_wconf 93' lang='lat' dir='ltr'>ad</span> <span class='ocrx_word' id='word_1_54' title='bbox 1352 960 1549 1026; x_wconf 89' lang='lat' dir='ltr'>reiciendam</span> 
     </span>
     <span class='ocr_line' id='line_1_7' title="bbox 216 1065 1550 1150; baseline 0 -18"><span class='ocrx_word' id='word_1_55' title='bbox 216 1068 319 1150; x_wconf 89' lang='lat' dir='ltr'>plebis</span> <span class='ocrx_word' id='word_1_56' title='bbox 347 1085 476 1148; x_wconf 89' lang='lat' dir='ltr'>quoque</span> <span class='ocrx_word' id='word_1_57' title='bbox 499 1067 759 1132; x_wconf 80' lang='lat' dir='ltr'>dominationem.</span> <span class='ocrx_word' id='word_1_58' title='bbox 808 1066 912 1148; x_wconf 84' lang='lat' dir='ltr'>Atqui</span> <span class='ocrx_word' id='word_1_59' title='bbox 944 1065 1102 1146; x_wconf 83' lang='lat' dir='ltr'>siquidem</span> <span class='ocrx_word' id='word_1_60' title='bbox 1134 1068 1192 1132; x_wconf 89' lang='lat' dir='ltr'>hoo</span> <span class='ocrx_word' id='word_1_61' title='bbox 1222 1067 1292 1132; x_wconf 90' lang='lat' dir='ltr'>loco</span> <span class='ocrx_word' id='word_1_62' title='bbox 1320 1074 1395 1132; x_wconf 89' lang='lat' dir='ltr'>erat</span> <span class='ocrx_word' id='word_1_63' title='bbox 1425 1067 1550 1147; x_wconf 90' lang='lat' dir='ltr'>qnaesi-</span> 
     </span>
     <span class='ocr_line' id='line_1_8' title="bbox 217 1172 1550 1257; baseline -0.003 -17"><span class='ocrx_word' id='word_1_64' title='bbox 217 1184 327 1253; x_wconf 90' lang='lat' dir='ltr'>turns,</span> <span class='ocrx_word' id='word_1_65' title='bbox 362 1193 438 1239; x_wconf 86' lang='lat' dir='ltr'>num</span> <span class='ocrx_word' id='word_1_66' title='bbox 463 1178 630 1254; x_wconf 80' lang='lat' dir='ltr'>oporteret</span> <span class='ocrx_word' id='word_1_67' title='bbox 652 1179 826 1256; x_wconf 91' lang='lat' dir='ltr'>tyrannum</span> <span class='ocrx_word' id='word_1_68' title='bbox 853 1192 1010 1238; x_wconf 87' lang='lat' dir='ltr'>summanr</span> <span class='ocrx_word' id='word_1_69' title='bbox 1041 1191 1149 1238; x_wconf 86' lang='lat' dir='ltr'>rerum</span> <span class='ocrx_word' id='word_1_70' title='bbox 1172 1172 1206 1238; x_wconf 92' lang='lat' dir='ltr'>in</span> <span class='ocrx_word' id='word_1_71' title='bbox 1229 1173 1368 1239; x_wconf 86' lang='lat' dir='ltr'>civitate</span> <span class='ocrx_word' id='word_1_72' title='bbox 1390 1173 1550 1257; x_wconf 85' lang='lat' dir='ltr'>obtinere,</span> 
     </span>
    </p>

    <p class='ocr_par' dir='ltr' id='par_1_3' title="bbox 193 1279 1552 1581">
     <span class='ocr_line' id='line_1_9' title="bbox 193 1279 1551 1363; baseline 0 -17"><span class='ocrx_word' id='word_1_73' title='bbox 193 1282 360 1363; x_wconf 86' lang='lat' dir='ltr'>prolecto</span> <span class='ocrx_word' id='word_1_74' title='bbox 391 1299 463 1346; x_wconf 92' lang='lat' dir='ltr'>cum</span> <span class='ocrx_word' id='word_1_75' title='bbox 496 1281 530 1345; x_wconf 93' lang='lat' dir='ltr'>in</span> <span class='ocrx_word' id='word_1_76' title='bbox 553 1279 692 1362; x_wconf 86' lang='lat' dir='ltr'>singulis</span> <span class='ocrx_word' id='word_1_77' title='bbox 724 1279 847 1360; x_wconf 89' lang='lat' dir='ltr'>politiis</span> <span class='ocrx_word' id='word_1_78' title='bbox 878 1279 1103 1346; x_wconf 77' lang='lat' dir='ltr'>examinandis</span> <span class='ocrx_word' id='word_1_79' title='bbox 1132 1298 1265 1361; x_wconf 90' lang='lat' dir='ltr'>prorsus</span> <span class='ocrx_word' id='word_1_80' title='bbox 1295 1282 1405 1346; x_wconf 90' lang='lat' dir='ltr'>eodem</span> <span class='ocrx_word' id='word_1_81' title='bbox 1436 1281 1551 1346; x_wconf 90' lang='lat' dir='ltr'>ordine</span> 
     </span>
     <span class='ocr_line' id='line_1_10' title="bbox 217 1384 1551 1468; baseline -0.001 -15"><span class='ocrx_word' id='word_1_82' title='bbox 217 1393 342 1466; x_wconf 88' lang='lat' dir='ltr'>utatur,</span> <span class='ocrx_word' id='word_1_83' title='bbox 366 1406 429 1468; x_wconf 92' lang='lat' dir='ltr'>quo</span> <span class='ocrx_word' id='word_1_84' title='bbox 453 1387 587 1452; x_wconf 87' lang='lat' dir='ltr'>ineunte</span> <span class='ocrx_word' id='word_1_85' title='bbox 611 1385 717 1466; x_wconf 87' lang='lat' dir='ltr'>capite</span> <span class='ocrx_word' id='word_1_86' title='bbox 740 1386 964 1462; x_wconf 85' lang='lat' dir='ltr'>enumeravit,</span> <span class='ocrx_word' id='word_1_87' title='bbox 991 1395 1063 1468; x_wconf 88' lang='lat' dir='ltr'>post</span> <span class='ocrx_word' id='word_1_88' title='bbox 1087 1389 1189 1453; x_wconf 86' lang='lat' dir='ltr'>verba¹</span> <span class='ocrx_word' id='word_1_89' title='bbox 1211 1384 1282 1450; x_wconf 82' lang='grc' dir='ltr'>ἀλλ’</span> <span class='ocrx_word' id='word_1_90' title='bbox 1307 1387 1461 1453; x_wconf 63' lang='lat' dir='ltr'>&amp;trenaro</span> <span class='ocrx_word' id='word_1_91' title='bbox 1485 1385 1551 1452; x_wconf 85' lang='grc' dir='ltr'>ὀλι-</span> 
     </span>
     <span class='ocr_line' id='line_1_11' title="bbox 214 1492 1552 1581; baseline 0.001 -22"><span class='ocrx_word' id='word_1_92' title='bbox 214 1499 445 1581; x_wconf 77' lang='grc' dir='ltr'><strong>γαρχικώτερον</strong></span> <span class='ocrx_word' id='word_1_93' title='bbox 467 1497 511 1580; x_wconf 89' lang='lat' dir='ltr'>(v.</span> <span class='ocrx_word' id='word_1_94' title='bbox 537 1495 600 1576; x_wconf 81' lang='grc'>34)</span> <span class='ocrx_word' id='word_1_95' title='bbox 617 1493 784 1558; x_wconf 89' lang='lat' dir='ltr'>dicendum</span> <span class='ocrx_word' id='word_1_96' title='bbox 810 1492 840 1558; x_wconf 90' lang='lat' dir='ltr'>ei</span> <span class='ocrx_word' id='word_1_97' title='bbox 865 1501 952 1572; x_wconf 91' lang='lat' dir='ltr'>erat,</span> <span class='ocrx_word' id='word_1_98' title='bbox 988 1511 1147 1573; x_wconf 84' lang='lat' dir='ltr'>quaenam</span> <span class='ocrx_word' id='word_1_99' title='bbox 1170 1513 1211 1558; x_wconf 86' lang='lat' dir='ltr'>ex</span> <span class='ocrx_word' id='word_1_100' title='bbox 1236 1493 1412 1576; x_wconf 85' lang='lat' dir='ltr'>tyrannide</span> <span class='ocrx_word' id='word_1_101' title='bbox 1435 1493 1552 1561; x_wconf 89' lang='lat' dir='ltr'>civita-</span> 
     </span>
    </p>
   </div>
   <div class='ocr_carea' id='block_1_3' title="bbox 119 1600 636 1668">
    <p class='ocr_par' dir='ltr' id='par_1_4' title="bbox 119 1600 636 1668">
     <span class='ocr_line' id='line_1_12' title="bbox 119 1600 636 1668; baseline -0.01 1"><span class='ocrx_word' id='word_1_102' title='bbox 119 1642 122 1643; x_wconf 28' lang='grc' dir='ltr'><em>ν</em></span> <span class='ocrx_word' id='word_1_103' title='bbox 216 1601 304 1668; x_wconf 90' lang='lat' dir='ltr'>tibus</span> <span class='ocrx_word' id='word_1_104' title='bbox 327 1600 462 1668; x_wconf 84' lang='lat' dir='ltr'>evenire</span> <span class='ocrx_word' id='word_1_105' title='bbox 484 1600 636 1665; x_wconf 85' lang='lat' dir='ltr'>solerent.</span> 
     </span>
    </p>
   </div>
   <div class='ocr_carea' id='block_1_4' title="bbox 199 1704 1583 2323">
    <p class='ocr_par' dir='ltr' id='par_1_5' title="bbox 199 1704 1551 1787">
     <span class='ocr_line' id='line_1_13' title="bbox 199 1704 1551 1787; baseline 0 -14"><span class='ocrx_word' id='word_1_106' title='bbox 199 1715 212 1727; x_wconf 77' lang='grc'><strong>“</strong></span> <span class='ocrx_word' id='word_1_107' title='bbox 329 1709 452 1774; x_wconf 92' lang='lat' dir='ltr'>Verum</span> <span class='ocrx_word' id='word_1_108' title='bbox 482 1707 541 1771; x_wconf 89' lang='lat' dir='ltr'>hoc</span> <span class='ocrx_word' id='word_1_109' title='bbox 564 1705 708 1787; x_wconf 90' lang='lat' dir='ltr'>quidem,</span> <span class='ocrx_word' id='word_1_110' title='bbox 740 1705 769 1770; x_wconf 91' lang='lat' dir='ltr'>si</span> <span class='ocrx_word' id='word_1_111' title='bbox 792 1707 980 1771; x_wconf 84' lang='lat' dir='ltr'>accuratius</span> <span class='ocrx_word' id='word_1_112' title='bbox 1003 1704 1299 1785; x_wconf 82' lang='lat' dir='ltr'>considerabimus,</span> <span class='ocrx_word' id='word_1_113' title='bbox 1330 1706 1461 1773; x_wconf 83' lang='lat' dir='ltr'>omrrino</span> <span class='ocrx_word' id='word_1_114' title='bbox 1486 1726 1551 1774; x_wconf 91' lang='lat' dir='ltr'>non</span> 
     </span>
    </p>

    <p class='ocr_par' dir='ltr' id='par_1_6' title="bbox 211 1811 1583 2323">
     <span class='ocr_line' id='line_1_14' title="bbox 216 1811 1583 1896; baseline -0.001 -15"><span class='ocrx_word' id='word_1_115' title='bbox 216 1820 290 1881; x_wconf 88' lang='lat' dir='ltr'>arat</span> <span class='ocrx_word' id='word_1_116' title='bbox 312 1831 408 1895; x_wconf 88' lang='lat' dir='ltr'>opus,</span> <span class='ocrx_word' id='word_1_117' title='bbox 440 1831 479 1878; x_wconf 86' lang='lat' dir='ltr'>ac</span> <span class='ocrx_word' id='word_1_118' title='bbox 503 1831 544 1878; x_wconf 89' lang='lat' dir='ltr'>ne</span> <span class='ocrx_word' id='word_1_119' title='bbox 567 1811 767 1880; x_wconf 89' lang='lat' dir='ltr'>Aristoteles</span> <span class='ocrx_word' id='word_1_120' title='bbox 796 1811 923 1892; x_wconf 86' lang='lat' dir='ltr'>quidem</span> <span class='ocrx_word' id='word_1_121' title='bbox 948 1829 1046 1892; x_wconf 84' lang='lat' dir='ltr'>opus.</span> <span class='ocrx_word' id='word_1_122' title='bbox 1062 1830 1133 1878; x_wconf 88' lang='lat' dir='ltr'>esse</span> <span class='ocrx_word' id='word_1_123' title='bbox 1165 1813 1311 1894; x_wconf 80' lang='lat' dir='ltr'>putauit,</span> <span class='ocrx_word' id='word_1_124' title='bbox 1343 1813 1377 1878; x_wconf 92' lang='lat' dir='ltr'>id</span> <span class='ocrx_word' id='word_1_125' title='bbox 1400 1815 1487 1896; x_wconf 86' lang='lat' dir='ltr'>quo&#39;d</span> <span class='ocrx_word' id='word_1_126' title='bbox 1503 1834 1552 1880; x_wconf 84' lang='lat' dir='ltr'>ex</span> <span class='ocrx_word' id='word_1_127' title='bbox 1582 1840 1583 1843; x_wconf 41' lang='lat'>¹</span> 
     </span>
     <span class='ocr_line' id='line_1_15' title="bbox 211 1913 1550 2005; baseline -0.001 -17"><span class='ocrx_word' id='word_1_128' title='bbox 211 1916 270 2005; x_wconf 61' lang='lat' dir='ltr'>va.</span> <span class='ocrx_word' id='word_1_129' title='bbox 295 1923 336 1987; x_wconf 83' lang='lat'>21</span> <span class='ocrx_word' id='word_1_130' title='bbox 362 1938 432 2001; x_wconf 88' lang='lat' dir='ltr'>sqq,</span> <span class='ocrx_word' id='word_1_131' title='bbox 457 1918 632 2000; x_wconf 89' lang='lat' dir='ltr'>dequibus</span> <span class='ocrx_word' id='word_1_132' title='bbox 656 1918 728 1984; x_wconf 88' lang='lat' dir='ltr'>iam</span> <span class='ocrx_word' id='word_1_133' title='bbox 744 1917 905 1996; x_wconf 85' lang='lat' dir='ltr'>diximus,</span> <span class='ocrx_word' id='word_1_134' title='bbox 931 1917 1014 1984; x_wconf 89' lang='lat' dir='ltr'>satis</span> <span class='ocrx_word' id='word_1_135' title='bbox 1037 1925 1183 2000; x_wconf 89' lang='lat' dir='ltr'>apparet.</span> <span class='ocrx_word' id='word_1_136' title='bbox 1231 1918 1363 1985; x_wconf 77' lang='lat' dir='ltr'>litemm</span> <span class='ocrx_word' id='word_1_137' title='bbox 1387 1937 1461 1986; x_wconf 91' lang='lat' dir='ltr'>cum</span> <span class='ocrx_word' id='word_1_138' title='bbox 1485 1913 1550 1986; x_wconf 89' lang='lat' dir='ltr'>non</span> 
     </span>
     <span class='ocr_line' id='line_1_16' title="bbox 216 2023 1551 2108; baseline 0 -15"><span class='ocrx_word' id='word_1_139' title='bbox 216 2028 309 2093; x_wconf 93' lang='lat' dir='ltr'>modo</span> <span class='ocrx_word' id='word_1_140' title='bbox 332 2024 447 2108; x_wconf 90' lang='lat' dir='ltr'>optimi</span> <span class='ocrx_word' id='word_1_141' title='bbox 470 2024 617 2091; x_wconf 88' lang='lat' dir='ltr'>homines</span> <span class='ocrx_word' id='word_1_142' title='bbox 640 2029 675 2090; x_wconf 92' lang='lat' dir='ltr'>et</span> <span class='ocrx_word' id='word_1_143' title='bbox 697 2023 838 2106; x_wconf 86' lang='lat' dir='ltr'>optimus</span> <span class='ocrx_word' id='word_1_144' title='bbox 863 2024 925 2104; x_wconf 90' lang='lat' dir='ltr'>vir,</span> <span class='ocrx_word' id='word_1_145' title='bbox 949 2026 1005 2090; x_wconf 89' lang='lat' dir='ltr'>sed</span> <span class='ocrx_word' id='word_1_146' title='bbox 1029 2025 1136 2091; x_wconf 88' lang='lat' dir='ltr'>etianr</span> <span class='ocrx_word' id='word_1_147' title='bbox 1152 2024 1243 2107; x_wconf 88' lang='lat' dir='ltr'>plebs</span> <span class='ocrx_word' id='word_1_148' title='bbox 1266 2044 1306 2091; x_wconf 91' lang='lat' dir='ltr'>ac</span> <span class='ocrx_word' id='word_1_149' title='bbox 1327 2024 1450 2094; x_wconf 88' lang='lat' dir='ltr'>divites</span> <span class='ocrx_word' id='word_1_150' title='bbox 1473 2045 1551 2093; x_wconf 79' lang='lat' dir='ltr'>cau··</span> 
     </span>
     <span class='ocr_line' id='line_1_17' title="bbox 215 2130 1550 2214; baseline 0.001 -15"><span class='ocrx_word' id='word_1_151' title='bbox 215 2153 282 2200; x_wconf 88' lang='lat' dir='ltr'>sam</span> <span class='ocrx_word' id='word_1_152' title='bbox 308 2131 452 2213; x_wconf 88' lang='lat' dir='ltr'>aliquam</span> <span class='ocrx_word' id='word_1_153' title='bbox 475 2131 504 2198; x_wconf 84' lang='lat' dir='ltr'>si</span> <span class='ocrx_word' id='word_1_154' title='bbox 528 2150 591 2206; x_wconf 90' lang='lat' dir='ltr'>non</span> <span class='ocrx_word' id='word_1_155' title='bbox 614 2132 727 2213; x_wconf 88' lang='lat' dir='ltr'>plane,</span> <span class='ocrx_word' id='word_1_156' title='bbox 754 2137 881 2196; x_wconf 54' lang='lat' dir='ltr'>‘tamen¹</span> <span class='ocrx_word' id='word_1_157' title='bbox 904 2130 1113 2214; x_wconf 88' lang='lat' dir='ltr'>aliquatenus</span> <span class='ocrx_word' id='word_1_158' title='bbox 1136 2131 1272 2211; x_wconf 89' lang='lat' dir='ltr'>iustam,</span> <span class='ocrx_word' id='word_1_159' title='bbox 1310 2150 1368 2198; x_wconf 88' lang='lat' dir='ltr'>cnr</span> <span class='ocrx_word' id='word_1_160' title='bbox 1390 2151 1550 2200; x_wconf 88' lang='lat' dir='ltr'>summam</span> 
     </span>
     <span class='ocr_line' id='line_1_18' title="bbox 214 2236 1551 2323; baseline 0 -17"><span class='ocrx_word' id='word_1_161' title='bbox 214 2239 344 2323; x_wconf 88' lang='lat' dir='ltr'>imperii</span> <span class='ocrx_word' id='word_1_162' title='bbox 359 2243 527 2320; x_wconf 82' lang='lat' dir='ltr'>appetant,</span> <span class='ocrx_word' id='word_1_163' title='bbox 541 2236 657 2303; x_wconf 87' lang='lat' dir='ltr'>afferre</span> <span class='ocrx_word' id='word_1_164' title='bbox 672 2237 957 2319; x_wconf 67' lang='lat' dir='ltr'>pessimantes</span> <span class='ocrx_word' id='word_1_165' title='bbox 974 2257 1022 2320; x_wconf 89' lang='lat' dir='ltr'>sq.</span> <span class='ocrx_word' id='word_1_166' title='bbox 1039 2245 1074 2304; x_wconf 92' lang='lat' dir='ltr'>et</span> <span class='ocrx_word' id='word_1_167' title='bbox 1089 2241 1155 2320; x_wconf 78' lang='lat' dir='ltr'>nt),</span> <span class='ocrx_word' id='word_1_168' title='bbox 1172 2243 1334 2320; x_wconf 89' lang='lat' dir='ltr'>tyrannus</span> <span class='ocrx_word' id='word_1_169' title='bbox 1350 2237 1434 2304; x_wconf 88' lang='lat' dir='ltr'>nihil</span> <span class='ocrx_word' id='word_1_170' title='bbox 1451 2239 1551 2306; x_wconf 82' lang='lat' dir='ltr'>nabot</span> 
     </span>
    </p>
   </div>
   <div class='ocr_carea' id='block_1_5' title="bbox 189 2343 1647 2433">
    <p class='ocr_par' dir='ltr' id='par_1_7' title="bbox 189 2343 1647 2433">
     <span class='ocr_line' id='line_1_19' title="bbox 189 2343 1647 2433; baseline 0 -21"><span class='ocrx_word' id='word_1_171' title='bbox 189 2346 311 2433; x_wconf 80' lang='lat' dir='ltr'>iusti,</span> <span class='ocrx_word' id='word_1_172' title='bbox 340 2365 403 2427; x_wconf 92' lang='lat' dir='ltr'>quo</span> <span class='ocrx_word' id='word_1_173' title='bbox 426 2363 519 2411; x_wconf 88' lang='lat' dir='ltr'>suam</span> <span class='ocrx_word' id='word_1_174' title='bbox 543 2362 672 2409; x_wconf 89' lang='lat' dir='ltr'>causam</span> <span class='ocrx_word' id='word_1_175' title='bbox 697 2343 859 2409; x_wconf 85' lang='lat' dir='ltr'>defendat.</span> <span class='ocrx_word' id='word_1_176' title='bbox 883 2345 987 2409; x_wconf 86' lang='lat' dir='ltr'>Immo</span> <span class='ocrx_word' id='word_1_177' title='bbox 1012 2343 1210 2410; x_wconf 90' lang='lat' dir='ltr'>Aristoteles</span> <span class='ocrx_word' id='word_1_178' title='bbox 1235 2364 1300 2410; x_wconf 92' lang='lat' dir='ltr'>non</span> <span class='ocrx_word' id='word_1_179' title='bbox 1322 2344 1456 2412; x_wconf 85' lang='lat' dir='ltr'>dubitat</span> <span class='ocrx_word' id='word_1_180' title='bbox 1469 2365 1549 2412; x_wconf 90' lang='lat' dir='ltr'>eum</span> <span class='ocrx_word' id='word_1_181' title='bbox 1644 2390 1647 2396; x_wconf 91' lang='lat'>-</span> 
     </span>
    </p>
   </div>
   <div class='ocr_carea' id='block_1_6' title="bbox 215 2450 1580 4459">
    <p class='ocr_par' dir='ltr' id='par_1_8' title="bbox 215 2450 1568 2838">
     <span class='ocr_line' id='line_1_20' title="bbox 216 2450 1568 2536; baseline 0.001 -18"><span class='ocrx_word' id='word_1_182' title='bbox 216 2455 250 2520; x_wconf 91' lang='lat' dir='ltr'>in</span> <span class='ocrx_word' id='word_1_183' title='bbox 273 2453 356 2536; x_wconf 88' lang='lat' dir='ltr'>ipsis</span> <span class='ocrx_word' id='word_1_184' title='bbox 379 2450 537 2518; x_wconf 87' lang='lat' dir='ltr'>maleficis</span> <span class='ocrx_word' id='word_1_185' title='bbox 558 2469 731 2515; x_wconf 90' lang='lat' dir='ltr'>numerare</span> <span class='ocrx_word' id='word_1_186' title='bbox 753 2452 866 2532; x_wconf 78' lang='grc'>(1267·</span> <span class='ocrx_word' id='word_1_187' title='bbox 880 2452 922 2516; x_wconf 85' lang='grc'>16</span> <span class='ocrx_word' id='word_1_188' title='bbox 938 2450 1019 2534; x_wconf 78' lang='lat' dir='ltr'>sqq).</span> <span class='ocrx_word' id='word_1_189' title='bbox 1065 2450 1139 2535; x_wconf 79' lang='lat' dir='ltr'>Qua</span> <span class='ocrx_word' id='word_1_190' title='bbox 1155 2452 1194 2517; x_wconf 91' lang='lat' dir='ltr'>de</span> <span class='ocrx_word' id='word_1_191' title='bbox 1210 2470 1317 2527; x_wconf 86' lang='lat' dir='ltr'>causa,</span> <span class='ocrx_word' id='word_1_192' title='bbox 1336 2452 1453 2517; x_wconf 89' lang='lat' dir='ltr'>mirum</span> <span class='ocrx_word' id='word_1_193' title='bbox 1470 2471 1568 2531; x_wconf 11' lang='lat' dir='ltr'>sane*</span> 
     </span>
     <span class='ocr_line' id='line_1_21' title="bbox 215 2547 1549 2651; baseline -0.001 -25"><span class='ocrx_word' id='word_1_194' title='bbox 215 2559 349 2651; x_wconf 83' lang='lat' dir='ltr'>iecisset</span> <span class='ocrx_word' id='word_1_195' title='bbox 372 2557 588 2637; x_wconf 88' lang='lat' dir='ltr'>Aristoteles,</span> <span class='ocrx_word' id='word_1_196' title='bbox 621 2557 650 2623; x_wconf 90' lang='lat' dir='ltr'>si</span> <span class='ocrx_word' id='word_1_197' title='bbox 681 2575 812 2622; x_wconf 90' lang='lat' dir='ltr'>causam</span> <span class='ocrx_word' id='word_1_198' title='bbox 841 2547 1028 2642; x_wconf 86' lang='lat' dir='ltr'>tyrannidis</span> <span class='ocrx_word' id='word_1_199' title='bbox 1059 2576 1192 2640; x_wconf 91' lang='lat' dir='ltr'>prorsus</span> <span class='ocrx_word' id='word_1_200' title='bbox 1224 2557 1313 2623; x_wconf 90' lang='lat' dir='ltr'>illam</span> <span class='ocrx_word' id='word_1_201' title='bbox 1343 2559 1549 2640; x_wconf 86' lang='lat' dir='ltr'>desperatam</span> 
     </span>
     <span class='ocr_line' id='line_1_22' title="bbox 216 2663 1550 2747; baseline 0 -15"><span class='ocrx_word' id='word_1_202' title='bbox 216 2666 428 2732; x_wconf 90' lang='lat' dir='ltr'>nihilominus</span> <span class='ocrx_word' id='word_1_203' title='bbox 459 2683 530 2731; x_wconf 86' lang='lat' dir='ltr'>cnm</span> <span class='ocrx_word' id='word_1_204' title='bbox 563 2664 682 2730; x_wconf 89' lang='lat' dir='ltr'>ceteris</span> <span class='ocrx_word' id='word_1_205' title='bbox 712 2663 885 2731; x_wconf 88' lang='lat' dir='ltr'>civitatum</span> <span class='ocrx_word' id='word_1_206' title='bbox 916 2663 1029 2731; x_wconf 82' lang='lat' dir='ltr'>formis</span> <span class='ocrx_word' id='word_1_207' title='bbox 1057 2665 1151 2747; x_wconf 92' lang='lat' dir='ltr'>quasi</span> <span class='ocrx_word' id='word_1_208' title='bbox 1182 2664 1217 2730; x_wconf 91' lang='lat' dir='ltr'>in</span> <span class='ocrx_word' id='word_1_209' title='bbox 1248 2665 1384 2731; x_wconf 89' lang='lat' dir='ltr'>eandem</span> <span class='ocrx_word' id='word_1_210' title='bbox 1416 2684 1550 2732; x_wconf 85' lang='lat' dir='ltr'>arenam</span> 
     </span>
     <span class='ocr_line' id='line_1_23' title="bbox 216 2772 370 2838; baseline -0.006 0"><span class='ocrx_word' id='word_1_211' title='bbox 216 2772 370 2838; x_wconf 88' lang='lat' dir='ltr'>misisset.</span> 
     </span>
    </p>

    <p class='ocr_par' dir='ltr' id='par_1_9' title="bbox 215 2877 1580 3586">
     <span class='ocr_line' id='line_1_24' title="bbox 324 2877 1580 2960; baseline 0 -16"><span class='ocrx_word' id='word_1_212' title='bbox 324 2878 476 2960; x_wconf 88' lang='lat' dir='ltr'>Denique</span> <span class='ocrx_word' id='word_1_213' title='bbox 508 2882 681 2960; x_wconf 88' lang='lat' dir='ltr'>postquam</span> <span class='ocrx_word' id='word_1_214' title='bbox 705 2877 906 2957; x_wconf 86' lang='lat' dir='ltr'>Aristoteles</span> <span class='ocrx_word' id='word_1_215' title='bbox 936 2877 1119 2959; x_wconf 83' lang='lat' dir='ltr'>quaesivit,</span> <span class='ocrx_word' id='word_1_216' title='bbox 1155 2883 1364 2960; x_wconf 86' lang='lat' dir='ltr'>oporteretne</span> <span class='ocrx_word' id='word_1_217' title='bbox 1393 2877 1580 2959; x_wconf 89' lang='lat' dir='ltr'>optimum-</span> 
     </span>
     <span class='ocr_line' id='line_1_25' title="bbox 215 2983 1551 3067; baseline -0.001 -15"><span class='ocrx_word' id='word_1_218' title='bbox 215 2986 321 3053; x_wconf 89' lang='lat' dir='ltr'>virum</span> <span class='ocrx_word' id='word_1_219' title='bbox 342 3004 500 3050; x_wconf 91' lang='lat' dir='ltr'>summam</span> <span class='ocrx_word' id='word_1_220' title='bbox 518 3003 630 3049; x_wconf 45' lang='lat' dir='ltr'>rerum*</span> <span class='ocrx_word' id='word_1_221' title='bbox 640 2983 798 3060; x_wconf 88' lang='lat' dir='ltr'>obtinere,</span> <span class='ocrx_word' id='word_1_222' title='bbox 815 2984 855 3050; x_wconf 92' lang='lat' dir='ltr'>de</span> <span class='ocrx_word' id='word_1_223' title='bbox 871 2983 1045 3067; x_wconf 87' lang='lat' dir='ltr'>tyrannide</span> <span class='ocrx_word' id='word_1_224' title='bbox 1058 2983 1124 3050; x_wconf 90' lang='lat' dir='ltr'>iam</span> <span class='ocrx_word' id='word_1_225' title='bbox 1139 2984 1221 3049; x_wconf 93' lang='lat' dir='ltr'>nibil</span> <span class='ocrx_word' id='word_1_226' title='bbox 1236 2989 1318 3060; x_wconf 88' lang='lat' dir='ltr'>erat,</span> <span class='ocrx_word' id='word_1_227' title='bbox 1336 2983 1422 3066; x_wconf 88' lang='lat' dir='ltr'>quod</span> <span class='ocrx_word' id='word_1_228' title='bbox 1439 2983 1551 3050; x_wconf 89' lang='lat' dir='ltr'>otiam·</span> 
     </span>
     <span class='ocr_line' id='line_1_26' title="bbox 216 3089 1552 3173; baseline -0.001 -14"><span class='ocrx_word' id='word_1_229' title='bbox 216 3100 283 3159; x_wconf 92' lang='lat' dir='ltr'>tum</span> <span class='ocrx_word' id='word_1_230' title='bbox 312 3097 497 3173; x_wconf 82' lang='lat' dir='ltr'>quaereret.</span> <span class='ocrx_word' id='word_1_231' title='bbox 543 3096 618 3157; x_wconf 83' lang='lat' dir='ltr'>Aut</span> <span class='ocrx_word' id='word_1_232' title='bbox 645 3091 730 3156; x_wconf 92' lang='lat' dir='ltr'>enim</span> <span class='ocrx_word' id='word_1_233' title='bbox 762 3091 844 3157; x_wconf 91' lang='lat' dir='ltr'>utile</span> <span class='ocrx_word' id='word_1_234' title='bbox 874 3097 927 3156; x_wconf 90' lang='lat' dir='ltr'>est</span> <span class='ocrx_word' id='word_1_235' title='bbox 949 3091 1106 3172; x_wconf 90' lang='lat' dir='ltr'>optimum</span> <span class='ocrx_word' id='word_1_236' title='bbox 1135 3090 1241 3156; x_wconf 89' lang='lat' dir='ltr'>virum</span> <span class='ocrx_word' id='word_1_237' title='bbox 1273 3109 1346 3156; x_wconf 88' lang='lat' dir='ltr'>esse</span> <span class='ocrx_word' id='word_1_238' title='bbox 1369 3089 1552 3158; x_wconf 90' lang='lat' dir='ltr'>dominnm:</span> 
     </span>
     <span class='ocr_line' id='line_1_27' title="bbox 216 3196 1552 3280; baseline -0.001 -16"><span class='ocrx_word' id='word_1_239' title='bbox 216 3200 280 3265; x_wconf 91' lang='lat' dir='ltr'>iam</span> <span class='ocrx_word' id='word_1_240' title='bbox 304 3219 368 3265; x_wconf 93' lang='lat' dir='ltr'>non</span> <span class='ocrx_word' id='word_1_241' title='bbox 393 3218 474 3280; x_wconf 90' lang='lat' dir='ltr'>opus</span> <span class='ocrx_word' id='word_1_242' title='bbox 498 3205 549 3264; x_wconf 90' lang='lat' dir='ltr'>est</span> <span class='ocrx_word' id='word_1_243' title='bbox 573 3197 706 3280; x_wconf 88' lang='lat' dir='ltr'>tyranni</span> <span class='ocrx_word' id='word_1_244' title='bbox 730 3197 881 3279; x_wconf 67' lang='lat' dir='ltr'>imperim</span> <span class='ocrx_word' id='word_1_245' title='bbox 906 3204 966 3264; x_wconf 90' lang='lat' dir='ltr'>aut</span> <span class='ocrx_word' id='word_1_246' title='bbox 981 3197 1094 3279; x_wconf 92' lang='lat' dir='ltr'>optimi</span> <span class='ocrx_word' id='word_1_247' title='bbox 1113 3197 1176 3264; x_wconf 88' lang='lat' dir='ltr'>viri</span> <span class='ocrx_word' id='word_1_248' title='bbox 1199 3196 1370 3279; x_wconf 90' lang='lat' dir='ltr'>imperium</span> <span class='ocrx_word' id='word_1_249' title='bbox 1388 3205 1426 3264; x_wconf 93' lang='lat' dir='ltr'>ut</span> <span class='ocrx_word' id='word_1_250' title='bbox 1441 3203 1552 3264; x_wconf 89' lang='lat' dir='ltr'>cetera</span> 
     </span>
     <span class='ocr_line' id='line_1_28' title="bbox 216 3304 1551 3388; baseline -0.004 -12"><span class='ocrx_word' id='word_1_251' title='bbox 216 3307 325 3376; x_wconf 89' lang='lat' dir='ltr'>omnia</span> <span class='ocrx_word' id='word_1_252' title='bbox 346 3305 538 3372; x_wconf 88' lang='lat' dir='ltr'>difficultate</span> <span class='ocrx_word' id='word_1_253' title='bbox 562 3305 672 3387; x_wconf 91' lang='lat' dir='ltr'>aliqua</span> <span class='ocrx_word' id='word_1_254' title='bbox 695 3305 841 3372; x_wconf 90' lang='lat' dir='ltr'>laborat:</span> <span class='ocrx_word' id='word_1_255' title='bbox 865 3305 928 3370; x_wconf 92' lang='lat' dir='ltr'>iam</span> <span class='ocrx_word' id='word_1_256' title='bbox 954 3305 1088 3388; x_wconf 92' lang='lat' dir='ltr'>tyranni</span> <span class='ocrx_word' id='word_1_257' title='bbox 1104 3323 1230 3385; x_wconf 91' lang='lat' dir='ltr'>qnoque</span> <span class='ocrx_word' id='word_1_258' title='bbox 1245 3304 1435 3372; x_wconf 88' lang='lat' dir='ltr'>dominatio.</span> <span class='ocrx_word' id='word_1_259' title='bbox 1464 3307 1551 3372; x_wconf 89' lang='lat' dir='ltr'>Nam</span> 
     </span>
     <span class='ocr_line' id='line_1_29' title="bbox 216 3405 1551 3496; baseline -0.001 -17"><span class='ocrx_word' id='word_1_260' title='bbox 216 3405 294 3479; x_wconf 90' lang='lat' dir='ltr'>licet</span> <span class='ocrx_word' id='word_1_261' title='bbox 317 3412 441 3494; x_wconf 89' lang='lat' dir='ltr'>optima</span> <span class='ocrx_word' id='word_1_262' title='bbox 464 3411 525 3495; x_wconf 91' lang='lat' dir='ltr'>sit,</span> <span class='ocrx_word' id='word_1_263' title='bbox 552 3429 616 3476; x_wconf 92' lang='lat' dir='ltr'>non</span> <span class='ocrx_word' id='word_1_264' title='bbox 640 3418 749 3477; x_wconf 89' lang='lat' dir='ltr'>tamen</span> <span class='ocrx_word' id='word_1_265' title='bbox 774 3412 962 3476; x_wconf 85' lang='lat' dir='ltr'>meliorest</span> <span class='ocrx_word' id='word_1_266' title='bbox 985 3429 1082 3491; x_wconf 88' lang='lat' dir='ltr'>quam</span> <span class='ocrx_word' id='word_1_267' title='bbox 1106 3411 1135 3478; x_wconf 91' lang='lat' dir='ltr'>si</span> <span class='ocrx_word' id='word_1_268' title='bbox 1158 3411 1299 3493; x_wconf 89' lang='lat' dir='ltr'>optimus</span> <span class='ocrx_word' id='word_1_269' title='bbox 1324 3411 1378 3496; x_wconf 86' lang='lat' dir='ltr'>vir</span> <span class='ocrx_word' id='word_1_270' title='bbox 1400 3411 1551 3479; x_wconf 88' lang='lat' dir='ltr'>dominns</span> 
     </span>
     <span class='ocr_line' id='line_1_30' title="bbox 216 3516 674 3586; baseline -0.015 0"><span class='ocrx_word' id='word_1_271' title='bbox 216 3520 260 3586; x_wconf 88' lang='lat' dir='ltr'>sit</span> <span class='ocrx_word' id='word_1_272' title='bbox 283 3538 402 3585; x_wconf 89' lang='lat' dir='ltr'>rerum.</span> <span class='ocrx_word' id='word_1_273' title='bbox 434 3566 438 3572; x_wconf 89' lang='lat'><em>.</em></span> <span class='ocrx_word' id='word_1_274' title='bbox 670 3516 674 3524; x_wconf 87' lang='lat'>&#39;</span> 
     </span>
    </p>

    <p class='ocr_par' dir='ltr' id='par_1_10' title="bbox 216 3621 1554 4459">
     <span class='ocr_line' id='line_1_31' title="bbox 328 3621 1550 3710; baseline -0.001 -18"><span class='ocrx_word' id='word_1_275' title='bbox 328 3626 416 3693; x_wconf 86' lang='lat' dir='ltr'>Sane</span> <span class='ocrx_word' id='word_1_276' title='bbox 438 3621 614 3689; x_wconf 87' lang='lat' dir='ltr'>confitetur</span> <span class='ocrx_word' id='word_1_277' title='bbox 637 3625 678 3688; x_wconf 90' lang='lat' dir='ltr'>ad</span> <span class='ocrx_word' id='word_1_278' title='bbox 701 3631 899 3705; x_wconf 88' lang='lat' dir='ltr'>postremum</span> <span class='ocrx_word' id='word_1_279' title='bbox 923 3624 1118 3709; x_wconf 81' lang='lat' dir='ltr'>Spengelins</span> <span class='ocrx_word' id='word_1_280' title='bbox 1140 3625 1212 3692; x_wconf 88' lang='lat' dir='ltr'>lieri</span> <span class='ocrx_word' id='word_1_281' title='bbox 1236 3625 1391 3710; x_wconf 87' lang='lat' dir='ltr'>potuisse,</span> <span class='ocrx_word' id='word_1_282' title='bbox 1416 3631 1453 3692; x_wconf 92' lang='lat' dir='ltr'>ut</span> <span class='ocrx_word' id='word_1_283' title='bbox 1476 3626 1550 3692; x_wconf 75' lang='lat' dir='ltr'>Ari-</span> 
     </span>
     <span class='ocr_line' id='line_1_32' title="bbox 216 3729 1550 3817; baseline -0.001 -18"><span class='ocrx_word' id='word_1_284' title='bbox 216 3733 353 3799; x_wconf 87' lang='lat' dir='ltr'>stoteles</span> <span class='ocrx_word' id='word_1_285' title='bbox 376 3733 488 3795; x_wconf 85' lang='lat' dir='ltr'>omnes</span> <span class='ocrx_word' id='word_1_286' title='bbox 512 3729 644 3810; x_wconf 89' lang='lat' dir='ltr'>politias</span> <span class='ocrx_word' id='word_1_287' title='bbox 668 3749 859 3796; x_wconf 88' lang='lat' dir='ltr'>enumerare</span> <span class='ocrx_word' id='word_1_288' title='bbox 878 3733 995 3812; x_wconf 82' lang='lat' dir='ltr'>vellet3</span> <span class='ocrx_word' id='word_1_289' title='bbox 1020 3732 1137 3814; x_wconf 91' lang='lat' dir='ltr'>quain</span> <span class='ocrx_word' id='word_1_290' title='bbox 1157 3752 1193 3798; x_wconf 93' lang='lat' dir='ltr'>re</span> <span class='ocrx_word' id='word_1_291' title='bbox 1209 3751 1272 3798; x_wconf 94' lang='lat' dir='ltr'>non</span> <span class='ocrx_word' id='word_1_292' title='bbox 1290 3732 1424 3798; x_wconf 87' lang='lat' dir='ltr'>licuisse</span> <span class='ocrx_word' id='word_1_293' title='bbox 1439 3738 1550 3817; x_wconf 89' lang='lat' dir='ltr'>tyran·</span> 
     </span>
     <span class='ocr_line' id='line_1_33' title="bbox 216 3836 1551 3924; baseline 0.001 -20"><span class='ocrx_word' id='word_1_294' title='bbox 216 3839 324 3904; x_wconf 92' lang='lat' dir='ltr'>nidem</span> <span class='ocrx_word' id='word_1_295' title='bbox 348 3836 480 3904; x_wconf 87' lang='lat' dir='ltr'>silentio</span> <span class='ocrx_word' id='word_1_296' title='bbox 506 3836 695 3917; x_wconf 90' lang='lat' dir='ltr'>praeterire.</span> <span class='ocrx_word' id='word_1_297' title='bbox 744 3839 793 3902; x_wconf 87' lang='lat' dir='ltr'>At</span> <span class='ocrx_word' id='word_1_298' title='bbox 816 3838 906 3903; x_wconf 93' lang='lat' dir='ltr'>nulla</span> <span class='ocrx_word' id='word_1_299' title='bbox 929 3857 1029 3905; x_wconf 89' lang='lat' dir='ltr'>causa</span> <span class='ocrx_word' id='word_1_300' title='bbox 1052 3845 1141 3924; x_wconf 87' lang='lat' dir='ltr'>erat,</span> <span class='ocrx_word' id='word_1_301' title='bbox 1163 3858 1222 3906; x_wconf 86' lang='lat' dir='ltr'>eur</span> <span class='ocrx_word' id='word_1_302' title='bbox 1245 3840 1457 3922; x_wconf 86' lang='lat' dir='ltr'>philosophus</span> <span class='ocrx_word' id='word_1_303' title='bbox 1481 3840 1551 3923; x_wconf 88' lang='lat' dir='ltr'>ipse</span> 
     </span>
     <span class='ocr_line' id='line_1_34' title="bbox 217 3938 1549 4028; baseline 0.002 -18"><span class='ocrx_word' id='word_1_304' title='bbox 217 3947 276 4010; x_wconf 93' lang='lat' dir='ltr'>boo</span> <span class='ocrx_word' id='word_1_305' title='bbox 300 3943 432 4009; x_wconf 87' lang='lat' dir='ltr'>iaceret</span> <span class='ocrx_word' id='word_1_306' title='bbox 472 3942 579 4007; x_wconf 87' lang='lat' dir='ltr'>Multo</span> <span class='ocrx_word' id='word_1_307' title='bbox 603 3942 806 4024; x_wconf 86' lang='lat' dir='ltr'>probabilius</span> <span class='ocrx_word' id='word_1_308' title='bbox 829 3950 880 4010; x_wconf 90' lang='lat' dir='ltr'>est</span> <span class='ocrx_word' id='word_1_309' title='bbox 904 3938 1117 4026; x_wconf 89' lang='lat' dir='ltr'>peripatetico</span> <span class='ocrx_word' id='word_1_310' title='bbox 1141 3944 1250 4028; x_wconf 86' lang='lat' dir='ltr'>nescio</span> <span class='ocrx_word' id='word_1_311' title='bbox 1274 3945 1326 4010; x_wconf 90' lang='lat' dir='ltr'>cui</span> <span class='ocrx_word' id='word_1_312' title='bbox 1348 3944 1385 4010; x_wconf 87' lang='lat' dir='ltr'>in</span> <span class='ocrx_word' id='word_1_313' title='bbox 1409 3951 1549 4013; x_wconf 86' lang='lat' dir='ltr'>mentem</span> 
     </span>
     <span class='ocr_line' id='line_1_35' title="bbox 219 4049 1551 4133; baseline 0.002 -17"><span class='ocrx_word' id='word_1_314' title='bbox 219 4051 356 4128; x_wconf 85' lang='lat' dir='ltr'>venisse,</span> <span class='ocrx_word' id='word_1_315' title='bbox 382 4057 420 4114; x_wconf 93' lang='lat' dir='ltr'>ut</span> <span class='ocrx_word' id='word_1_316' title='bbox 444 4049 630 4130; x_wconf 90' lang='lat' dir='ltr'>politiarum</span> <span class='ocrx_word' id='word_1_317' title='bbox 655 4049 790 4128; x_wconf 86' lang='lat' dir='ltr'>seriem,</span> <span class='ocrx_word' id='word_1_318' title='bbox 815 4069 911 4131; x_wconf 90' lang='lat' dir='ltr'>quarn</span> <span class='ocrx_word' id='word_1_319' title='bbox 935 4051 1005 4132; x_wconf 90' lang='lat' dir='ltr'>ipse</span> <span class='ocrx_word' id='word_1_320' title='bbox 1030 4053 1156 4133; x_wconf 88' lang='lat' dir='ltr'>plenam</span> <span class='ocrx_word' id='word_1_321' title='bbox 1180 4057 1403 4133; x_wconf 81' lang='lat' dir='ltr'>exspectaret,</span> <span class='ocrx_word' id='word_1_322' title='bbox 1436 4052 1551 4120; x_wconf 90' lang='lat' dir='ltr'>adiun-</span> 
     </span>
     <span class='ocr_line' id='line_1_36' title="bbox 216 4144 1554 4242; baseline 0.004 -21"><span class='ocrx_word' id='word_1_323' title='bbox 216 4156 331 4240; x_wconf 85' lang='lat' dir='ltr'>gendis</span> <span class='ocrx_word' id='word_1_324' title='bbox 360 4156 427 4221; x_wconf 90' lang='lat' dir='ltr'>illis</span> <span class='ocrx_word' id='word_1_325' title='bbox 453 4156 563 4220; x_wconf 82' lang='lat' dir='ltr'>verbis</span> <span class='ocrx_word' id='word_1_326' title='bbox 586 4149 761 4222; x_wconf 85' lang='lat' dir='ltr'>clauderet.</span> <span class='ocrx_word' id='word_1_327' title='bbox 810 4157 906 4242; x_wconf 76' lang='lat' dir='ltr'>Quod</span> <span class='ocrx_word' id='word_1_328' title='bbox 934 4159 975 4223; x_wconf 92' lang='lat' dir='ltr'>ad</span> <span class='ocrx_word' id='word_1_329' title='bbox 1003 4159 1183 4224; x_wconf 88' lang='lat' dir='ltr'>faciendum</span> <span class='ocrx_word' id='word_1_330' title='bbox 1216 4157 1357 4224; x_wconf 86' lang='lat' dir='ltr'>forsitan</span> <span class='ocrx_word' id='word_1_331' title='bbox 1390 4144 1554 4226; x_wconf 85' lang='lat' dir='ltr'>adductus</span> 
     </span>
     <span class='ocr_line' id='line_1_37' title="bbox 216 4263 1552 4350; baseline 0.004 -21"><span class='ocrx_word' id='word_1_332' title='bbox 216 4272 267 4329; x_wconf 85' lang='lat' dir='ltr'>est</span> <span class='ocrx_word' id='word_1_333' title='bbox 291 4284 320 4332; x_wconf 88' lang='lat' dir='ltr'>v.</span> <span class='ocrx_word' id='word_1_334' title='bbox 345 4267 396 4329; x_wconf 81' lang='lat'>21.</span> <span class='ocrx_word' id='word_1_335' title='bbox 448 4263 664 4348; x_wconf 81' lang='lat' dir='ltr'>Quamobrem</span> <span class='ocrx_word' id='word_1_336' title='bbox 689 4263 844 4348; x_wconf 82' lang='lat' dir='ltr'>Spengeli</span> <span class='ocrx_word' id='word_1_337' title='bbox 867 4264 1028 4331; x_wconf 89' lang='lat' dir='ltr'>rationem</span> <span class='ocrx_word' id='word_1_338' title='bbox 1061 4266 1110 4331; x_wconf 89' lang='lat' dir='ltr'>ita</span> <span class='ocrx_word' id='word_1_339' title='bbox 1137 4265 1202 4330; x_wconf 93' lang='lat' dir='ltr'>iam</span> <span class='ocrx_word' id='word_1_340' title='bbox 1226 4268 1344 4350; x_wconf 85' lang='lat' dir='ltr'>probo,</span> <span class='ocrx_word' id='word_1_341' title='bbox 1380 4274 1417 4331; x_wconf 92' lang='lat' dir='ltr'>nt</span> <span class='ocrx_word' id='word_1_342' title='bbox 1447 4269 1552 4334; x_wconf 89' lang='lat' dir='ltr'>verba</span> 
     </span>
     <span class='ocr_line' id='line_1_38' title="bbox 216 4370 1357 4459; baseline 0.003 -23"><span class='ocrx_word' id='word_1_343' title='bbox 216 4370 405 4459; x_wconf 81' lang='grc' dir='ltr'>ἢτὺραννον</span> <span class='ocrx_word' id='word_1_344' title='bbox 430 4371 544 4453; x_wconf 90' lang='lat' dir='ltr'>spuria</span> <span class='ocrx_word' id='word_1_345' title='bbox 567 4374 606 4436; x_wconf 93' lang='lat' dir='ltr'>ob</span> <span class='ocrx_word' id='word_1_346' title='bbox 631 4390 764 4453; x_wconf 89' lang='lat' dir='ltr'>eamque</span> <span class='ocrx_word' id='word_1_347' title='bbox 788 4391 918 4438; x_wconf 86' lang='lat' dir='ltr'>causam</span> <span class='ocrx_word' id='word_1_348' title='bbox 943 4373 1080 4438; x_wconf 89' lang='lat' dir='ltr'>delenda</span> <span class='ocrx_word' id='word_1_349' title='bbox 1102 4392 1175 4438; x_wconf 90' lang='lat' dir='ltr'>esse</span> <span class='ocrx_word' id='word_1_350' title='bbox 1198 4392 1357 4439; x_wconf 89' lang='lat' dir='ltr'>censeam.</span> 
     </span>
    </p>
   </div>
   <div class='ocr_carea' id='block_1_7' title="bbox 0 0 1666 5086">
    <p class='ocr_par' dir='ltr' id='par_1_11' title="bbox 0 0 1666 5086">
     <span class='ocr_line' id='line_1_39' title="bbox 0 0 1666 5086; baseline 0 0"><span class='ocrx_word' id='word_1_351' title='bbox 0 0 1666 5086; x_wconf 95' lang='lat' dir='ltr'> </span> 
     </span>
    </p>
   </div>
  </div>
 </body>
</html>
