3324 5078
479 324 519 379 Ile
538 294 607 381 noso
626 343 727 395 paeane
747 325 773 378 in
792 326 918 378 honorem
938 323 1090 392 Aesculapii
1109 325 1188 381 iacto.
1479 331 1500 394 5

161 520 344 586 metiendos
369 538 442 585 esse
465 521 636 604 praecipit.
678 518 768 583 Huic
792 518 976 598 quaestioni
1001 520 1109 585 altera
1132 519 1285 601 contigua
1300 528 1360 600 est,
1384 523 1500 603 quibus

163 625 243 690 locis
279 627 409 708 syllaba
444 629 542 710 longa
576 627 650 706 plus
686 624 787 704 spatii
814 643 914 704 quam
948 624 1082 689 duarum
1115 643 1276 690 morarum
1308 630 1439 709 expleat
1467 640 1501 697 et

161 732 283 814 singuli
320 735 456 816 spondei
489 735 555 800 vim
586 730 736 811 dipodiae
769 731 839 795 sive
874 731 1007 795 duorum
1039 733 1153 813 pedum
1190 733 1338 798 habeant.
1386 738 1498 804 Facile

161 847 270 904 antem
303 840 414 906 induci
444 837 585 920 poteris
624 846 660 903 ut
695 841 752 903 lroc
783 837 875 902 modo
907 839 1120 918 pentapodias
1151 846 1184 903 et
1207 840 1380 920 tripodas,
1418 863 1500 924 quae

161 947 285 1013 rectius
302 948 456 1013 trimetra
479 953 513 1008 et
529 944 672 1011 dimetra
696 945 980 1026 brachycatalecto
998 945 1188 1022 nominabis,
1214 946 1248 1009 in
1265 948 1497 1029 longitudinem

160 1051 234 1118 illos
261 1053 372 1127 trium,
398 1053 457 1116 hos
482 1051 618 1117 duarum
645 1051 849 1134 dipodiarum
875 1052 1097 1132 producendas
1122 1071 1194 1118 esse
1218 1071 1350 1119 censeas

385 1222 478 1262 LV&
501 1247 593 1265 -υυ
618 1226 710 1264 σΙ-υυ
733 1247 824 1264 -νυ
848 1223 892 1266 d.)
914 1245 958 1266 ῑ-Ι

387 1333 636 1376 έ-υν--υῲ
729 1354 773 1373 ῑ--Ι

273 1443 340 1509 Sed
364 1463 436 1510 cum
461 1445 501 1510 de
524 1444 576 1510 lris
593 1445 692 1509 rebus
716 1445 808 1510 viros
832 1444 943 1509 doctos
960 1445 1215 1526 scrupulosiores
1239 1446 1342 1511 factos
1357 1441 1496 1528 videam,

159 1551 244 1615 hanc
273 1569 340 1616 rena
366 1551 518 1616 omittere
542 1550 648 1615 satius
674 1548 759 1618 duxi.
820 1552 873 1616 Ad
898 1557 1094 1632 postremum
1120 1551 1265 1618 metricis
1289 1553 1339 1618 his
1357 1556 1500 1635 quaesti-

159 1657 292 1723 unculis
315 1665 523 1740 conspectum
549 1665 727 1722 metrorum
753 1656 856 1722 totius
880 1659 1035 1724 carminis
1060 1649 1208 1726 subicere
1233 1662 1363 1743 placuit.

330 1876 351 1915 α
383 1881 449 1918 L—
499 1884 912 1924 —UULVV—VVL—

386 2096 478 2139 LUV
502 2119 593 2138 -W
616 2120 710 2138 -VU
732 2120 825 2138 -υυ
847 2100 912 2135 L—

395 2203 403 2222 Ι
625 2204 632 2223 Ι
856 2208 864 2226 Ι

385 2227 824 2247 —UV-VU—UV—VV
848 2233 912 2243 '⁹‘—

308 2282 417 2350 5⁹!-
440 2333 505 2352 v..
528 2312 594 2354 C!-
617 2334 684 2352 υ...

386 2420 477 2459 ’-υυ
501 2441 594 2459 —vv
618 2419 711 2460 Lw
734 2449 800 2456 —-—
