3322 5086
565 1185 639 1285 De
676 1216 823 1285 causa
862 1182 1162 1286 Cluentiano.

813 1405 919 1413 ——

654 1517 675 1599 Ι.
713 1517 760 1599 lle
789 1507 911 1601 iudicio
941 1519 1077 1601 tuniano
1156 1584 1160 1590 .

813 1696 919 1773 scripsit

665 1712 834 1917 lino:
851 1847 1052 1948 setun.

309 2077 481 2147 Orationis
493 2097 552 2159 pro
565 2077 607 2143 A.
618 2077 770 2146 Cluentio
783 2080 910 2146 Habito
925 2099 1011 2146 anno
1026 2100 1055 2146 a.
1073 2079 1151 2147 Cbr.
1172 2099 1203 2146 n.
1219 2083 1262 2148 66
1276 2081 1418 2147 babitae
1438 2080 1537 2163 louge

199 2186 372 2252 maximam
396 2191 524 2267 partem
541 2184 656 2251 Cicero
680 2184 714 2251 iu
738 2204 775 2252 eo
799 2187 969 2266 consumit,
995 2192 1033 2254 ut
1048 2186 1236 2254 Cluentium
1260 2185 1397 2253 crimine
1421 2185 1536 2253 iudicii

197 2295 231 2360 in
255 2294 364 2376 priore
380 2311 480 2358 causa
496 2313 524 2360 a.
542 2295 586 2359 74
601 2294 687 2376 apud
703 2292 738 2361 C.
757 2294 1047 2362 Iuniummoicem
1065 2295 1268 2376 quaestionis
1287 2301 1364 2360 acta
1387 2292 1535 2376 corrupti
1642 2304 1645 2308 ’

198 2408 332 2484 purget:
364 2400 546 2466 eratenim
575 2401 716 2466 omnium
739 2401 847 2483 opinio
871 2421 943 2468 eum
967 2403 1090 2469 iudices
1115 2411 1184 2468 tum
1207 2400 1403 2483 corrupisse,
1432 2417 1536 2481 eaque

120 2545 128 2559 ·
199 2507 381 2603 suspicione
398 2513 569 2574 accusator
585 2526 663 2574 usus
679 2514 763 2588 erat,
788 2515 825 2575 ut
847 2509 923 2575 inde
947 2501 1001 2575 reo
1018 2509 1177 2576 invidiam
1194 2509 1359 2576 conflaret.
1401 2506 1478 2592 Qua
1500 2506 1535 2573 in

198 2635 234 2682 re
257 2616 337 2681 illud
361 2615 511 2681 Ciceroni
540 2633 694 2698 prospere
717 2616 852 2692 accidit,
883 2617 968 2699 quod
991 2624 1063 2683 octo
1085 2636 1243 2684 annorum
1267 2615 1410 2698 spatium
1435 2614 1534 2681 inter-

198 2724 315 2789 iectum
340 2729 428 2801 erat;
453 2722 502 2788 ita
525 2722 611 2788 enim
634 2722 705 2788 fieri
728 2729 867 2804 poterat,
881 2731 923 2790 ut
945 2724 1167 2800 auditoribus,
1191 2723 1246 2807 qui
1271 2741 1324 2788 res
1347 2729 1417 2787 tum
1440 2727 1535 2787 actas

197 2831 362 2896 nonsatis
385 2828 541 2895 memoria
565 2831 731 2910 tenebant,
756 2849 812 2896 eas
835 2851 875 2897 ex
897 2833 1035 2898 arbitrio
1058 2850 1117 2898 suo
1140 2830 1269 2897 fucatas
1285 2836 1320 2896 et
1343 2829 1536 2895 immutatas

197 2945 392 3019 proponeret
414 2943 527 3017 atque,
559 2938 644 3018 quod
667 2937 737 3018 ipse
761 2944 875 3020 postea
898 2957 971 3004 sese
999 2938 1116 3004 fecisse
1138 2937 1301 3020 gloriatus
1325 2941 1377 3001 est
1407 2933 1535 3020 (Quint.

198 3044 275 3110 inst.
300 3046 405 3123 0122,
433 3047 488 3120 l'l,
513 3047 584 3127 21),
616 3044 779 3110 iudicibus
803 3049 955 3112 tenebras
979 3045 1169 3112 offunderet.
1219 3045 1263 3109 nt
1286 3061 1365 3108 vero
1391 3040 1535 3107 oratoris

197 3151 528 3236 argumentationem,
560 3171 625 3232 qua
649 3152 835 3218 Cluentium
859 3172 923 3218 non
947 3153 1132 3235 corrupisse
1154 3151 1278 3217 iudices
1308 3150 1535 3216 demonstrare

198 3261 322 3336 studet,
356 3278 470 3340 parum
495 3258 646 3324 sufficere
669 3266 703 3325 et
726 3260 938 3325 Drumannus
962 3260 1083 3341 aliique
1113 3259 1350 3324 intellexerunt
1373 3262 1407 3322 et
1431 3274 1535 3337 nuper

197 3367 353 3434 Bardtius
382 3367 445 3450 (Zu
469 3366 602 3433 Ciceros
626 3366 837 3445 Cluentiano,
870 3368 1029 3435 Neuwied
1056 3370 1154 3457 1878)
1186 3366 1228 3432 iis
1251 3383 1335 3447 quae
1358 3364 1476 3432 Cicero
1499 3363 1535 3430 in

196 3474 272 3540 aliis
302 3473 505 3539 orationibus
533 3474 572 3538 de
603 3475 662 3539 hoc
698 3474 816 3539 iudicio
847 3482 1075 3542 commemorat
1108 3473 1267 3540 adhibitis
1302 3478 1369 3537 tam
1404 3470 1535 3552 copiose
1568 3552 1571 3558 Ι

197 3600 292 3662 quam
325 3580 496 3646 subtiliter
527 3581 686 3661 exposuit.
745 3582 807 3648 Cui
840 3583 1054 3664 disputationi
1087 3600 1192 3664 panca
1224 3579 1382 3662 quaedam
1413 3578 1535 3643 addere

103 3690 105 3694 ’
196 3687 279 3755 libet
301 3689 342 3753 ab
365 3688 422 3752 illo
445 3706 511 3751 non
534 3688 617 3753 satis
640 3688 682 3754 ad
706 3687 862 3768 liquidum
888 3691 1052 3770 perducta.

309 3795 420 3874 Atque
444 3794 478 3858 iu
503 3795 558 3859 illo
582 3794 719 3872 iudicio,
744 3797 796 3861 cui
820 3803 973 3877 praeerat
997 3797 1033 3864 C.
1057 3795 1172 3861 Ionius
1195 3794 1294 3860 iudex
1317 3791 1533 3873 quaestionis,

198 3907 370 3982 utrumque
393 3911 427 3966 et
450 3908 590 3967 actorem
615 3901 803 3968 Cluentium
832 3909 980 3969 ebreum
1004 3900 1222 3986 Oppianicum
1245 3900 1369 3966 iudices
1393 3896 1534 3980 pecunia

197 4009 380 4090 corrupisse
415 4008 555 4074 dilucide
590 4009 749 4075 Bardtius
784 3992 1040 4078 demonstravit.¹
1089 4011 1208 4090 ltaque
1242 4006 1368 4081 callido·
1395 4005 1534 4071 consilio

198 4116 312 4182 Cicero
344 4116 659 4199 argumentationem
684 4117 732 4182 ita
749 4117 924 4195 instituit,
960 4127 995 4182 nt
1018 4124 1171 4198 quaerat,
1205 4115 1273 4180 utri
1299 4132 1399 4180 eausa
1430 4112 1535 4179 luerit

198 4223 311 4288 iudicii
342 4223 583 4306 corrumpendi,
616 4243 675 4289 nec
704 4230 838 4290 veretur
869 4232 1031 4300 statuere,
1069 4224 1099 4290 si
1128 4223 1249 4288 doceat
1273 4225 1314 4288 ab
1346 4220 1531 4303 Oppianico

197 4336 384 4412 corruptum
408 4350 480 4397 esse
504 4331 668 4410 iudicium,
693 4351 834 4414 purgare
857 4351 893 4397 se
916 4331 1076 4398 Habitum
1104 4335 1138 4413 (ξ
1161 4332 1226 4413 64).
1275 4328 1380 4410 Atqui
1403 4328 1534 4394 dedisse

197 4439 365 4521 pecuniam
391 4439 525 4505 Staieno
549 4439 648 4504 iudici
672 4439 887 4521 Oppianicum
916 4439 1012 4506 facile
1035 4445 1108 4505 erat
1131 4438 1173 4502 ad
1197 4437 1413 4519 probandum:
1447 4436 1532 4517 quod

197 4567 268 4613 eunt
300 4566 362 4612 non
387 4548 427 4613 ad
459 4548 726 4630 corrumpendum
759 4548 927 4626 iudicium,
960 4547 1082 4614 sadud
1112 4543 1371 4612 conciliationem
1402 4544 1533 4627 gratiae
