3324 5078
553 340 640 394 Curuo
659 339 765 394 criticae
784 339 812 392 in
830 339 982 394 Aristotelis
1001 339 1118 394 Politice.
1437 343 1494 409 101

272 538 324 602 Ac
350 537 539 602 hermardus
563 537 691 617 quidem
718 536 929 618 SpengeliuS,
957 536 1009 602 vir
1040 537 1080 601 de
1105 537 1287 603 Aristotele
1318 543 1352 601 et
1375 537 1496 603 intelle-

158 645 263 727 gendo
297 651 331 708 et
360 645 559 708 emendando
590 643 679 707 inter
715 638 834 724 paucos
871 643 1027 720 meritus,
1064 644 1202 708 coniecit
1233 643 1497 730 (Aristotelische

159 751 297 818 Studien
313 751 366 814 ΙΙΙ
390 771 419 831 p.
438 752 480 815 ‘23
505 751 538 814 in
565 749 707 831 Abhdlg.
727 751 756 814 d.
777 751 875 831 Bayr.
895 752 955 813 Ak.
975 750 1003 816 d.
1024 751 1075 813 W.
1104 754 1130 815 1.
1148 752 1194 815 ot.
1222 752 1281 815 Bd.
1300 751 1361 815 XL
1392 753 1497 834 1868.)

160 860 261 923 verba
284 856 304 944 ἢ
329 860 474 940 τίραννον
499 860 557 920 aut
582 874 716 936 prorsus
741 875 814 920 esse
839 856 1036 920 secludenda
1066 864 1124 920 aut
1155 858 1310 921 mutanda
1339 857 1372 920 in
1403 856 1423 942 ἢ
1447 863 1497 922 τὸν

160 970 261 1049 νόμον.
312 962 406 1046 Quod
431 962 570 1026 alterum
599 970 635 1026 ut
658 962 831 1039 coniceret,
857 963 1018 1028 adductus
1043 969 1094 1028 est
1118 983 1164 1041 eo,
1190 964 1273 1043 quod
1301 962 1498 1028 Aristoteles

159 1090 189 1136 ν.
215 1071 268 1148 34,
295 1069 352 1134 ubi
376 1087 506 1133 causam
532 1069 663 1147 attulit,
696 1088 755 1133 cur
780 1088 819 1133 ne
843 1068 958 1150 optimi
983 1069 1111 1148 quidem
1137 1069 1200 1134 viri
1234 1069 1402 1150 imperium
1434 1069 1498 1134 sibi

160 1177 295 1258 placeat,
321 1174 470 1255 perrexit
493 1175 544 1239 his
569 1175 705 1241 verbis:¹
736 1174 808 1239 ἀλλ’
831 1177 907 1246 ἴσως
930 1174 967 1240 ἂν
992 1182 1068 1264 φαίη
1092 1199 1137 1246 τις
1159 1182 1192 1240 τὸ
1215 1179 1318 1259 κίριον
1342 1174 1421 1246 ὅλως
1444 1176 1498 1240 ἄν-

159 1287 286 1368 θρωπον
311 1281 388 1346 εἶναι
411 1282 523 1368 ἔχοντά
547 1306 581 1364 γε
606 1286 644 1346 τὰ
668 1287 875 1368 συμβαίνοντα
898 1286 989 1370 πάθη
1013 1288 1082 1367 περὶ
1108 1289 1162 1369 τὴν
1196 1289 1307 1369 ψυχήν,
1343 1281 1426 1346 ἀλλὰ
1457 1287 1521 1368 μὴ·

159 1395 260 1475 νόμον,
286 1391 412 1476 φαῦλον.

205 1520 206 1523 “
270 1493 383 1558 Ceteri
419 1493 475 1575 qui
500 1494 695 1559 Aristotelis
732 1493 828 1559 libris
861 1495 996 1560 edendis
1031 1493 1329 1560 commentandisve
1368 1513 1497 1576 operam

161 1605 335 1677 naverunt,
362 1603 438 1664 utra
462 1600 650 1666 coniectura
675 1600 743 1666 utri
768 1606 857 1666 esset
881 1589 1099 1684 praeferenda
1129 1608 1187 1666 aut
1209 1606 1338 1666 essetne
1369 1600 1497 1667 omnino

160 1707 335 1789 quidquam
360 1707 560 1784 mutandum,
586 1707 622 1772 iu
647 1709 752 1772 medio
777 1707 991 1790 reliquerunt.

269 1823 320 1888 Ut
354 1821 458 1905 igitur
493 1823 534 1886 ab
570 1823 677 1888 altera
712 1810 907 1889 emendandi
942 1823 1071 1888 ratione
1101 1822 1227 1902 ordiar,
1260 1823 1319 1888 hoo
1348 1821 1498 1904 inprimis

159 1939 281 2004 moneo,
306 1928 415 2011 legum
439 1927 575 2011 imperio
599 1947 664 1993 non
689 1929 919 2012 comprehendi
943 1948 1048 2013 genus
1073 1928 1202 2010 imperii
1226 1947 1343 1996 novum
1368 1930 1498 2010 etquod

160 2035 255 2101 iuxta
278 2034 508 2101 democratiam
525 2035 741 2118 eligarchiam
758 2036 1005 2103 aristocratiam
1020 2036 1241 2102 monarchiam
1257 2075 1301 2084 -
1316 2040 1355 2101 ut
1369 2036 1496 2118 graecis

161 2140 346 2207 nominibus
369 2142 660 2222 utar-quintam
672 2127 805 2208 'efficiat
829 2143 1027 2225 reipublicae
1044 2143 1195 2222 formam3
1220 2143 1317 2208 immo
1334 2160 1411 2210 vero
1424 2161 1497 2208 cum

160 2250 267 2332 legum
293 2249 463 2331 imperium
488 2249 521 2314 in
547 2269 742 2331 unaquaque
767 2269 808 2315 ex
831 2249 874 2316 iis
898 2269 979 2331 ques
996 2250 1137 2316 diximus
1154 2249 1279 2332 politiis
1295 2267 1367 2314 esse
1384 2248 1496 2329 possit,

160 2375 197 2421 ae
220 2343 351 2422 rursum
375 2357 403 2421 si
427 2357 481 2421 lex
505 2357 637 2422 domina
661 2357 722 2437 sit,
759 2363 911 2440 oporteat
945 2356 1026 2423 ferri
1056 2358 1139 2422 hanc
1168 2363 1202 2422 et
1233 2356 1361 2422 defendi
1391 2360 1450 2422 aut
1480 2375 1527 2425 a.

162 2464 254 2545 plebe
278 2470 337 2529 aut
359 2483 379 2528 a
402 2463 563 2529 divitibus
587 2470 647 2530 aut
670 2484 691 2530 a
714 2463 845 2549 civibus
866 2464 1000 2547 optimis
1025 2469 1083 2529 aut
1114 2484 1133 2529 a
1162 2463 1234 2529 viro
1263 2482 1328 2529 uno
1358 2462 1498 2529 omnium

160 2569 296 2651 optimo,
333 2576 444 2636 cetera
481 2589 564 2650 quae
588 2570 791 2636 Aristoteles
824 2571 1032 2637 enumeravit
1067 2553 1183 2636 summi
1219 2570 1346 2652 imperii
1378 2589 1500 2652 genera

160 2676 249 2741 aliud
272 2675 337 2742 alio
361 2677 589 2744 excluduntur.
638 2677 792 2744 Oeterum
819 2677 1035 2744 Aristotelem
1066 2677 1100 2743 in
1125 2679 1309 2758 quaerendo
1339 2689 1379 2762 τῷ
1401 2675 1499 2762 κυρίῳ

160 2782 309 2864 inprimis
333 2783 478 2849 homines
503 2792 688 2866 spectasse,
718 2804 783 2850 non
807 2805 876 2863 res,
902 2786 1042 2851 efficitur
1066 2805 1106 2850 ex
1130 2786 1198 2849 loco
1223 2785 1308 2849 haud
1332 2784 1380 2848 ita
1403 2785 1499 2866 longe

160 2895 283 2955 remoto
307 2910 336 2972 p.
365 2894 463 2958 1279⁸
486 2894 538 2967 25,
569 2912 632 2973 quo
656 2892 744 2974 ipse,
778 2891 857 2973 quid
880 2892 926 2957 sit
948 2897 982 2958 τὸ
1005 2897 1119 2978 κίρκον,
1145 2893 1238 2957 docet
1262 2891 1349 2958 hisce
1373 2891 1497 2958 verbis:

161 2998 227 3062 ἐπεὶ
249 2999 284 3063 δὲ
307 3001 445 3063 πολιτεία
470 3005 525 3087 μὲν
548 3006 602 3066 καί
625 3005 659 3066 τὸ
683 2998 855 3088 πολίτευμα
880 3006 1023 3088 σημαίνει
1046 2999 1164 3079 ταύτόν,
1197 3004 1365 3087 πολίτευμα
1388 2999 1414 3063 δ’
1438 2999 1500 3065 tort

160 3111 193 3170 τὸ
216 3109 318 3191 κίνριον
342 3117 401 3170 τῶν
425 3110 554 3184 πόλεων,
580 3101 702 3194 ἀνάγκη
726 3108 753 3169 δ’
778 3105 857 3172 εἶναι
880 3111 913 3171 τὸ
936 3106 1084 3194 κὺριονῆ
1113 3106 1187 3171 ἕνα
1215 3106 1235 3193 ἢ
1264 3096 1447 3188 ὀλίγους
1478 3106 1499 3193 ἢ

160 3216 254 3283 τοὺς
288 3215 479 3283 πολλοὺς.
529 3212 657 3297 Quibus
695 3213 805 3277 verbis
841 3212 991 3277 conteras
1027 3214 1121 3277 sodes
1148 3232 1178 3292 p.
1212 3214 1310 3277 1278b
1348 3213 1387 3276 10
1421 3230 1497 3292 sqq:

160 3325 263 3404 κίνριον
288 3324 424 3406 μὲνγὰρ
448 3329 608 3405 πανταχοῦ
632 3324 666 3384 τὸ
689 3322 860 3405 πολίτευμα
884 3331 940 3406 τῆς
963 3308 1100 3397 πόλεως,
1134 3321 1303 3405 πολίτευμα
1326 3319 1353 3382 δ’
1378 3316 1498 3406 ἐοτὶνὴ

161 3426 308 3492 πολιτεία.
355 3430 461 3509 λέγωΥ
490 3425 517 3491 δ’
555 3426 639 3491 οἷον
683 3425 721 3490 ἐν
758 3431 827 3514 μὲν
866 3439 951 3498 ταῖς
995 3428 1322 3514 δημοκρατικαῖς
1359 3429 1500 3510 κίιριος

164 3535 180 3600 ὁ
204 3537 352 3624 δῆμος,
377 3533 412 3599 οἱ
436 3531 462 3597 δ’
486 3531 619 3616 ὀλίγοι
643 3531 874 3599 τούναντίον
899 3533 939 3623 ἐν
964 3546 1055 3605 ταῖς
1079 3533 1342 3620 ὀλιγαρχίαις
1363 3535 1443 3610 κτλ,
1467 3539 1501 3598 et

161 3662 190 3723 p.
219 3643 316 3707 1273·
339 3624 459 3721 39ἐοῑ
496 3639 530 3717 ὅ,
555 3665 581 3704 τι
605 3645 665 3725 γὰρ
689 3637 833 3726 ὑπολάβῃ
856 3639 1057 3727 τίμιονείναι
1092 3645 1125 3705 τὸ
1148 3644 1266 3726 κύριον,
1298 3638 1417 3727 ἀνάγκη
1447 3645 1500 3704 καὶ

161 3753 309 3836 τὴντῶν
334 3747 459 3812 ἄλλοιν
484 3749 657 3811 πολιτῶν
682 3747 774 3819 δόξαν
799 3747 986 3813 ἀκολουθεῖν
1010 3751 1134 3816 τοίντοις.

215 3909 218 3913 ·
274 3863 367 3948 Quae
391 3882 463 3928 cum
487 3862 535 3928 ita
558 3863 636 3939 sint,
662 3865 764 3928 verba
788 3863 808 3950 ἢ
832 3868 882 3928 τὸν
906 3869 999 3950 νόμον
1024 3863 1053 3928 si
1079 3861 1203 3927 codices
1227 3861 1419 3927 exhiberent
1443 3859 1499 3925 vix

161 3971 290 4036 delendi
314 3989 409 4052 posse
432 3969 557 4052 iudico,
587 3958 777 4035 coriiectura
805 3989 845 4035 ea
868 3970 1011 4035 orationi
1036 3969 1227 4035 Aristotelis
1259 3968 1381 4034 inferre
1404 3985 1499 4049 quarn

165 4077 453 4144 maximevereor.
501 4077 594 4160 Quod
619 4096 697 4143 vero
722 4078 783 4141 sub
807 4077 904 4142 finem
927 4077 1045 4159 capitis
1067 4076 1177 4143 verbis
1195 4075 1354 4146 ἀλλ’ίοοις
1370 4073 1407 4138 ἂν
1424 4079 1499 4162 φαίη

114 4171 115 4175 “
161 4207 206 4255 τις
230 4184 335 4250 oratio
360 4184 453 4266 quasi
480 4183 633 4249 maiorem
658 4184 825 4249 incursum
847 4169 968 4260 sumit,
1000 4185 1060 4250 hoc
1085 4185 1189 4266 ipsum
1214 4184 1404 4249 documento
1428 4199 1500 4248 esse

162 4290 239 4356 milri
263 4291 395 4358 videtur
420 4291 634 4356 Aristotelem
660 4310 723 4355 non
748 4289 894 4356 transire
918 4291 960 4355 ad
984 4291 1017 4356 id
1041 4291 1298 4373 explanandum,
1328 4289 1411 4371 quod
1435 4287 1499 4354 iam

162 4405 258 4465 antea
282 4398 560 4474 commemoravit,
593 4399 650 4463 sed
687 4398 794 4478 ipsum
826 4398 1000 4464 sublevere
1031 4398 1115 4478 quod
1147 4417 1246 4479 sopra
1273 4396 1358 4462 dixit
1389 4415 1498 4460 omnes

162 4505 331 4570 civitatum
351 4506 470 4570 formas
489 4507 608 4570 habere
625 4505 853 4584 difficultates;
878 4504 951 4569 fieri
975 4505 1059 4569 enim
1079 4523 1181 4585 posse,
1200 4511 1235 4569 ut
1251 4503 1373 4568 existat
1389 4509 1496 4568 tamen

162 4612 289 4695 aliquod
315 4613 442 4696 imperii
465 4633 568 4696 genus
594 4614 731 4678 liberum
757 4614 798 4677 ab
823 4611 873 4692 bis
898 4631 980 4694 quas
1005 4612 1169 4678 recensuit
1193 4610 1360 4676 molestiis
