3324 5078
232 304 294 371 100
624 301 720 358 umet
738 302 817 358 stom
837 335 869 344 -
889 304 980 358 Franc.
999 302 1053 357 Joe.
1073 298 1157 372 Eugel

231 499 350 581 duplici
387 499 550 581 particula
582 505 637 565 καὶ
678 500 865 584 disiungere
900 507 933 566 et
967 520 1120 582 separare
1153 509 1398 567 consueverunt.
1445 503 1560 583 Neque

231 608 329 672 aliter
352 606 562 681 Aristoteles,
588 608 641 686 qni
666 610 816 673 omnibns
841 618 970 688 praeter
998 609 1082 672 hune
1110 626 1206 672 unum
1242 607 1337 681 locis
1374 609 1559 687 inquibus

229 725 316 798 κοινῇ
340 720 375 777 et
396 717 494 798 χωρὶς
517 713 691 779 coniuncta
714 721 800 790 sunt,
825 720 879 780 καὶ
902 725 988 798 κοινῇ
1012 720 1065 778 καὶ
1088 719 1184 799 χωρὶς
1207 714 1295 785 dicit,
1323 714 1420 777 semel
1445 715 1558 779 ordine

230 822 361 886 inverso
384 825 438 883 καὶ
461 823 557 905 χωρὶς
580 819 711 885 ἑκάστου
734 826 787 884 καὶ
810 833 896 904 κοινη
927 833 994 890 ταῖς
1025 824 1157 884 πόλεσιν.
1204 819 1325 885 (lonlei
1360 821 1454 884 sodes
1494 822 1556 885 l’ol.

229 927 277 989 ΠΙ
300 927 320 989 6
345 943 373 1004 p.
396 926 493 989 uului
518 926 573 990 24:
607 928 740 1010 μάλιστα
765 930 818 1010 μὲν
843 924 894 988 οὖν
918 923 995 988 τοῦτ’
1020 923 1191 1013 ἐστι’τὲλος
1213 929 1267 988 καὶ
1298 937 1384 1010 κοινῇ
1409 939 1483 990 πᾶσι
1506 934 1560 992 καὶ

229 1032 333 1117 χωρίς.
379 1031 456 1096 ibid.
483 1032 529 1098 IV
556 1035 598 1096 14
627 1051 654 1112 p.
683 1035 780 1097 laeui
803 1033 860 1096 35:
894 1035 986 1095 πάλιν
1013 1033 1047 1094 δὲ
1079 1036 1133 1094 καὶ
1163 1042 1250 1116 κοινη
1281 1038 1335 1095 καὶ
1366 1039 1462 1119 χωρὶς
1490 1039 1559 1117 περὶ

230 1139 363 1226 ἑκάστης
386 1137 522 1226 λέγωμεν
546 1144 615 1224 περὶ
638 1150 696 1204 τῶν
720 1137 839 1225 ἐφεξῆς.
887 1138 962 1201 ibid.
986 1137 1015 1202 V
1045 1141 1056 1200 1
1085 1157 1113 1218 p.
1136 1139 1230 1202 1301·
1254 1141 1310 1203 24:
1336 1140 1436 1203 ἔτιδὲ
1460 1163 1559 1227 σωτη-

230 1246 295 1332 ρίαι
318 1253 397 1316 τίνες
422 1251 477 1310 καὶ
506 1256 593 1330 κοινῇ
623 1250 678 1311 καὶ
709 1248 805 1330 χωρὶς
837 1243 970 1329 ἑκάστης
999 1242 1071 1306 elale
1178 1243 1332 1310 σκεπτέον.
1380 1246 1457 1311 ibid.
1485 1248 1513 1314 V
1539 1250 1557 1311 7

229 1372 259 1434 p.
281 1355 378 1418 1307¹>
401 1355 459 1417 26:
489 1358 558 1436 περὶ
581 1354 615 1417 δὲ
639 1349 793 1438 σωτηρίας
821 1355 875 1416 καὶ
903 1361 990 1434 κοινη
1023 1355 1078 1414 καὶ
1108 1355 1203 1436 χωρὶς
1237 1350 1370 1439 ἑκάστης
1404 1356 1561 1423 πολιτείας

229 1461 376 1546 ἐχόμενόν
400 1461 480 1522 ἐστιν
504 1455 606 1521 εἰπεῖν.
654 1455 729 1519 ibid.
756 1455 821 1520 VII
846 1461 861 1520 1
889 1475 918 1535 p.
945 1457 1042 1519 1323ιι
1064 1456 1140 1520 4οι·
1161 1465 1211 1520 νῦν
1238 1457 1272 1519 δὲ
1301 1453 1478 1521 ὑποκείσθω
1508 1481 1560 1521 το-

228 1577 344 1658 cedros,
369 1564 414 1629 ὅτι
440 1571 505 1648 βίος
529 1568 582 1651 μὲν
606 1561 743 1647 ἄριστος,
771 1567 825 1626 καὶ
851 1566 946 1646 χωρὶς
973 1560 1107 1626 ἑκάστοο-
1129 1567 1183 1626 καὶ
1208 1573 1296 1648 κοινῇ
1323 1575 1390 1633 ταῖς
1417 1565 1558 1628 aeteae·

228 1672 392 1737 simillima
427 1654 508 1737 vero
537 1669 676 1735 elocutio
712 1668 797 1734 redit
832 1669 864 1734 in
898 1668 1002 1733 Arist.
1047 1667 1227 1756 Ἀθηναίων
1260 1673 1435 1760 πολιτείαςι
1456 1653 1580 1751 nuper

228 1785 379 1860 repertae
403 1796 471 1858 cap.
487 1778 539 1842 40.
581 1775 741 1842 Omnibus
765 1775 869 1858 igitur
890 1774 971 1839 locis
994 1775 1057 1841 duo
1080 1777 1224 1840 membra
1247 1776 1419 1857 particulis
1441 1781 1496 1842 καὶ
1516 1815 1569 1840 -,

227 1888 281 1949 καὶ
304 1884 391 1948 inter
414 1901 450 1946 se
472 1881 637 1946 disiuncta
660 1881 760 1947 vides.
807 1880 910 1964 Quam
935 1881 1069 1945 eandem
1094 1882 1153 1945 hoc
1182 1899 1307 1962 quoque
1336 1883 1406 1947 loco
1431 1882 1559 1947 dicendi

229 1990 387 2056 rationem
414 1987 509 2053 facile
534 1987 704 2064 restitues
735 1987 764 2052 si
795 1992 871 2051 ante
893 1997 980 2071 κοινῇ
1004 1987 1197 2067 particulam
1220 1993 1275 2054 καὶ
1298 2008 1408 2054 errore
1431 1989 1560 2054 librarii

121 2117 124 2133 ¹
228 2099 270 2162 ab
294 2097 401 2162 altera
424 2095 538 2161 littera
559 2118 580 2159 κ
603 2096 644 2159 ad
668 2095 804 2160 alteram
828 2117 848 2160 κ
871 2094 1056 2159 aberrantis
1080 2093 1240 2160 excidisse
1264 2102 1400 2162 statues.
1460 2100 1464 2107 '

1161 2256 1199 2320 Ρ.
1212 2256 1340 2348 ποια
1362 2257 1469 2324 sian.
1538 2235 1558 2260 ²

340 2847 445 2915 Arist.
469 2846 535 2912 Pol.
561 2845 616 2910 ΙΙΙ
642 2847 683 2911 10
706 2848 853 2926 pluer
878 2848 914 2910 11
935 2850 1030 2926 seqq'
1045 2845 1130 2910 Bkk.
1194 2847 1196 2850 ⁴

250 3033 252 3037 ,
340 2973 407 3059 ἔχει
429 2973 455 3037 δ’
480 2970 621 3057 ἀπορίαν,
650 2969 684 3054 τί
708 2973 753 3035 δεῖ
780 2976 813 3035 τὸ
836 2974 939 3055 adorco
963 2969 1040 3036 εἶναι
1062 2981 1117 3059 της
1139 2971 1266 3039 πόλεως.
1312 2953 1419 3056 ἢέηάρ
1445 2991 1491 3032 τοι
1526 2972 1560 3032 τὸ

228 3082 361 3169 πλῆθος,
385 3079 405 3167 ἢ
428 3081 693 3156 τοὺςπὶοοσίοος,
718 3077 738 3165 ἢ
762 3082 832 3148 τοὺς
855 3079 1008 3155 ἐπιεικεῖς,
1036 3075 1056 3164 ἢ
1083 3081 1133 3142 τὸν
1162 3079 1314 3160 βέλτιστον
1349 3074 1404 3141 ἕνα
1427 3080 1559 3151 πάντων,

227 3185 475 3273 ἢτίιραννον.
522 3183 605 3277 ἄλλοι
628 3196 724 3250 ταῦτα
748 3189 847 3247 πάντα
871 3184 952 3270 ἔχειν
976 3187 1115 3271 φαίνεται
1139 3180 1314 3247 δυσκολίαν.

340 3293 414 3357 Ηοο
437 3292 506 3356 loeo
530 3291 736 3357 offenderunt
761 3294 860 3357 verba
883 3290 1074 3377 ἢτὺραννον.
1105 3289 1252 3371 Namque
1272 3288 1470 3354 Aristoteles
1486 3307 1558 3352 cum

218 3398 441 3492 ‚sequentibus
467 3398 577 3465 verbis
601 3399 711 3462 eodem
737 3416 798 3477 quo
823 3416 922 3477 supra
946 3415 1025 3461 usus
1049 3401 1101 3461 est
1130 3395 1243 3460 ordine
1259 3447 1260 3450 ,
1274 3378 1422 3476 singulas
1446 3394 1558 3460 civita·

230 3511 298 3570 tum
322 3505 444 3570 formas
468 3505 654 3586 perlustret,
681 3509 717 3569 ut
741 3503 881 3585 quaein
905 3521 1098 3583 unaquaque
1122 3501 1236 3584 politia
1259 3489 1363 3566 causa
1382 3500 1427 3565 sit
1448 3501 1560 3564 δοσκο-

108 3679 110 3682 <
230 3613 300 3682 λὶας
322 3611 457 3690 doceat,
493 3609 618 3676 omittit
642 3612 701 3676 hoc
736 3611 769 3676 in
806 3610 986 3694 tyrannide,
1035 3615 1086 3677 Ae
1115 3609 1192 3674 fecit
1225 3629 1305 3674 eane
1328 3608 1454 3690 quidem
1488 3606 1559 3671 eius

230 3718 425 3784 mentionem
456 3738 486 3784 v,
512 3721 552 3783 21
590 3723 665 3800 post
689 3700 792 3799 ipsam
816 3717 1067 3796 dubitationem,
1099 3735 1195 3798 quam
1227 3717 1267 3781 de
1291 3715 1394 3796 plebis
1418 3713 1557 3779 domina·

232 3825 461 3903 tione-movit,
487 3826 648 3904 sednon,
685 3833 722 3891 ut
756 3825 1021 3906 quemadmodum
1045 3829 1171 3888 ceteras
1203 3841 1283 3902 quas
1316 3829 1392 3887 ante
1417 3819 1557 3885 nomina·

230 3939 326 3998 verat
354 3931 472 3996 summi
503 3931 630 4013 imperii
661 3931 799 4006 formem.
832 3931 880 3997 ita
911 3931 1009 3996 etiam
1035 3929 1239 4013 tyrannidem
1264 3930 1395 3993 doceret
1418 3946 1489 3992 esse
1513 3925 1559 3990 in·

230 4037 351 4102 iustam
376 4039 600 4119 communique
624 4038 725 4103 saluti
749 4038 974 4120 perniciosam.
1022 4038 1121 4101 Immo
1145 4035 1239 4116 quasi
1270 4037 1476 4116 comprobato
1501 4022 1560 4097 hoc
1605 4074 1629 4098 ς

102 4151 110 4160 “
231 4143 406 4225 tyrannide
430 4151 593 4226 tamquam
624 4146 769 4226 exemplo
801 4145 922 4222 utitur,
954 4163 1016 4225 quo
1045 4144 1245 4209 demonstret
1276 4162 1359 4223 quae
1389 4142 1495 4222 plebS,
1530 4138 1559 4204 si

232 4251 379 4331 potentia
403 4261 544 4333 superet,
570 4251 704 4331 sciscat,
738 4269 802 4316 non
831 4252 939 4316 omnia
962 4252 1049 4316 iusta
1080 4259 1114 4316 et
1145 4269 1248 4329 aequa
1279 4269 1364 4327 esse3
1399 4248 1557 4313 neminem

232 4355 317 4420 enim
349 4359 532 4424 mehercule
555 4358 662 4424 dicere
695 4377 777 4439 quae
801 4368 960 4442 tyrannus
985 4358 1018 4423 vi
1038 4340 1215 4438 pervincat,
1240 4358 1350 4421 eadem
1367 4356 1457 4420 iusta
1472 4371 1558 4432 esse;

231 4464 366 4544 quaesi
390 4484 454 4531 non
479 4466 560 4543 sint,
586 4485 628 4530 ne
651 4485 689 4531 ea
713 4465 858 4547 quidem,
887 4485 969 4546 quae
994 4464 1184 4542 rnultitudo;
1219 4484 1292 4528 nam
1326 4467 1405 4528 haec
1433 4479 1559 4542 quoque

231 4571 301 4636 sola
325 4572 472 4652 potentia
496 4572 566 4651 niti,
592 4591 656 4661 non
680 4573 751 4639 iure
774 4583 807 4640 et
830 4573 973 4639 consilio.
1012 4643 1014 4647 ,

660 4763 687 4882 ί

646 4883 661 4973 p
