3322 5086
373 326 448 380 Num
467 327 607 382 Cluentius
626 327 659 379 de
678 324 788 378 crimine
807 322 896 380 iudicii
915 323 1032 392 corrupti
1051 338 1159 376 causam
1178 321 1282 373 dixerit.
1420 320 1496 388 '203

159 528 258 589 esset.
307 523 365 590 Sin
392 530 500 590 autem
518 520 705 589 Cluentium
730 518 841 585 iudicii
867 519 1013 601 corrupti
1038 537 1128 583 reum
1153 515 1256 594 fuisse
1280 514 1494 592 concedimus

159 630 240 695 nihil
265 650 329 696 uon
354 631 533 696 dilucidum
557 635 624 693 est:
650 627 845 706 „invidiam‘
870 628 904 692 in
928 625 1038 690 libello
1063 623 1246 689 attulerant
1277 627 1495 696 accusatores,

158 737 215 801 sed
239 737 364 802 crimen
388 736 505 802 veneni
531 734 730 813 adiecerant,
756 753 817 811 „ne
841 732 983 798 omnium
1009 729 1192 812 turpissimi
1210 728 1444 810 reperirentur,
1468 725 1497 791 si

158 844 192 909 in
216 844 373 909 iudicium
397 842 480 908 nibil
503 847 637 922 praeter
659 841 815 906 invidiam
842 837 1061 903 attulissent“.

271 952 454 1015 Praeterea
478 948 637 1013 Bardtius
662 967 732 1012 curn
757 947 797 1034 (p.
823 947 857 1027 4)
880 963 935 1010 eos
968 946 1056 1009 locos
1087 941 1143 1024 qui
1171 961 1251 1007 suae
1273 940 1418 1022 opinioni
1442 940 1495 1005 ad·

158 1063 388 1134 versarentur,
429 1073 515 1120 nova
547 1053 676 1119 ratione
711 1053 874 1135 explicare
909 1057 1098 1129 conaretur,
1135 1050 1216 1115 duos
1254 1047 1341 1113 locos
1380 1061 1498 1129 eosque

157 1162 373 1246 gravissimos
403 1161 501 1241 plane
524 1160 680 1243 neglexit.
728 1161 874 1244 Quorum
904 1159 990 1224 alter
1013 1156 1135 1240 legitur
1159 1160 1179 1238 ξ
1203 1157 1263 1222 90:
1298 1153 1420 1232 „Dicat
1442 1152 1499 1234 qui

159 1271 231 1335 vult
255 1268 351 1333 hodie
376 1269 416 1332 de
440 1267 496 1333 illo
520 1268 639 1354 populo
663 1267 844 1341 concitato,
878 1265 931 1332 cui
966 1271 1035 1330 tum
1065 1262 1182 1347 populo
1207 1281 1275 1327 mos
1298 1265 1412 1343 gestus
1435 1267 1497 1338 est,

161 1377 289 1454 quade
313 1393 349 1439 re
373 1375 489 1439 Iunius
513 1393 643 1440 causam
669 1373 808 1440 dixerit:
834 1391 1058 1455 quemcunque
1082 1368 1261 1453 rogaveris,
1284 1369 1344 1434 boc
1368 1384 1497 1449 respon-

59 1502 63 1507 ·
160 1481 268 1548 debit:
291 1480 377 1561 quod
401 1482 572 1562 pecuniam
595 1479 768 1563 acceperit,
792 1480 877 1561 quod
900 1480 1106 1554 innocentem
1132 1474 1395 1543 circumvenerit
1436 1475 1499 1541 Est

159 1590 240 1653 baec
263 1586 383 1669 opinio.
432 1590 482 1653 At
512 1587 542 1652 si
571 1587 620 1653 ita
648 1594 755 1666 esset,
789 1589 863 1653 hac
894 1588 987 1669 lege
1019 1590 1262 1652 accusatum
1298 1579 1497 1664 oportuit,

159 1713 237 1775 qua
261 1681 499 1760 accusatur
519 1694 714 1760 Habitus
764 1697 813 1760 At
835 1694 905 1777 ipse
929 1713 968 1759 ea
990 1693 1063 1775 lege
1086 1692 1298 1774 quaeremur
1345 1687 1498 1754 Alterum

101 1826 108 1879 χ
160 1801 263 1866 affero
286 1801 392 1866 locum
416 1805 438 1882 ξ
464 1801 544 1879 144,
573 1820 666 1881 quem
690 1820 755 1866 non
779 1800 884 1884 magis
907 1798 1082 1866 -Bardtium
1107 1799 1256 1864 insuam
1280 1800 1407 1878 partem
1431 1799 1499 1862 tra-

161 1909 238 1974 here
267 1927 363 1988 posse
395 1907 540 1972 conlido:
576 1908 742 1993 „Quaeret
779 1908 921 1974 fortasse
956 1906 1135 1989 quispiam,
1171 1890 1388 1986 displiceatne
1419 1899 1500 1967 milri

160 2016 266 2098 legum
298 2013 463 2096 praesidio
494 2014 613 2095 capitis
644 2013 822 2096 periculum
854 2015 1087 2097 propulsaret
1114 2011 1200 2078 Mihi
1233 2028 1327 2089 vero,
1363 2006 1498 2086 iudices,

163 2141 226 2186 uon
250 2121 412 2205 displicet,
436 2122 493 2186 sed
517 2128 593 2186 utor·
617 2120 772 2187 instituto
796 2140 876 2187 meo.
923 2123 962 2186 ln
987 2119 1127 2193 bominis
1157 2115 1287 2183 honesti
1316 2113 1497 2198 prudentis-

161 2247 223 2308 que
247 2227 368 2292 iudicio
392 2246 456 2292 non
481 2227 584 2292 solum
609 2247 679 2294 meo
703 2227 840 2293 consilio
864 2227 914 2294 uti
939 2226 1122 2300 consuevi,¹
1142 2225 1200 2290 sed
1232 2223 1369 2289 multum
1400 2221 1498 2288 etiam

161 2335 248 2413 eius,
280 2354 375 2416 quem
404 2332 559 2411 delendo,
597 2343 631 2400 et
664 2334 799 2413 consilio
834 2343 869 2400 et
900 2334 1066 2402 voluntati
1094 2335 1291 2413 obtempero.
1337 2329 1425 2396 Nam
1456 2332 1498 2394 ul

161 2443 333 2508 haered
359 2461 417 2506 me
441 2460 564 2506 causa
588 2442 731 2507 delata
759 2448 838 2520 est,
873 2441 941 2523 qui
964 2442 1081 2523 leges
1104 2457 1191 2513 eaS,
1216 2437 1266 2502 ad
1296 2454 1401 2517 quas
1432 2434 1500 2501 ad·

162 2549 352 2614 bibemur
390 2555 429 2613 et
467 2547 509 2612 in
547 2549 705 2629 quibus
739 2568 967 2626 versamur,
1004 2566 1122 2613 nosse
1158 2547 1364 2620 deberem,
1402 2541 1499 2608 dixi

151 2655 323 2722 Habito
347 2653 494 2720 statim
518 2673 560 2719 eo
584 2655 741 2737 capite:
767 2654 834 2736 qui
858 2654 1015 2721 coisset
1044 2672 1121 2736 quo
1144 2652 1238 2734 quis
1261 2649 1499 2716 condemua-

163 2767 297 2844 retur,
327 2759 445 2825 illum
477 2778 569 2824 esse
600 2759 792 2826 liberum:
828 2759 962 2826 teneri
997 2766 1128 2825 autem
1162 2763 1352 2824 nostrum
1387 2755 1499 2823 ordi-

162 2875 278 2932 nem.“
327 2864 464 2952 Quibus
481 2866 591 2932 verbis
627 2866 699 2931 fieri
733 2867 880 2959 potuisse
910 2885 993 2950 nego
1025 2873 1062 2932 ut
1092 2865 1206 2933 Oicero
1235 2869 1401 2940 uteretur,
1434 2861 1501 2928 uisi

161 2993 198 3039 re
215 2993 295 3040 vera
318 2992 383 3039 non
399 2973 653 3039 inaccusatoris
677 2973 826 3039 oratione
849 2979 989 3057 tantum,
1010 2971 1183 3039 sedetiam
1200 2970 1235 3037 in
1251 2971 1361 3037 libello
1377 2969 1498 3036 crimen

161 3079 279 3144 iudicii
305 3078 454 3161 corrupti
487 3079 641 3146 Cluentio
676 3079 837 3145 obiectum
873 3085 970 3145 esset.
1018 3080 1104 3145 Nam
1135 3076 1280 3143 libellum
1310 3077 1415 3159 ipsum
1447 3075 1500 3142 bic

162 3194 392 3252 commemorat
424 3193 553 3252 orator:
591 3205 668 3251 num
703 3185 828 3252 iudices
864 3195 930 3251 tam
966 3185 1117 3251 socordes
1152 3183 1363 3267 stupidusque
1397 3183 1500 3249 fuisse

162 3293 255 3359 nobis
287 3293 571 3375 persuadebimus
608 3300 647 3359 ut
679 3313 721 3359 ne
746 3293 799 3359 hic
822 3292 952 3373 quidem
976 3292 1092 3359 fraude
1115 3300 1212 3372 atque
1238 3290 1442 3375 impudentia
1464 3308 1500 3357 se

162 3401 234 3483 capi
259 3401 587 3467 animadverterent?

275 3620 304 3682 2.
332 3616 448 3684 Oicero
471 3616 575 3700 igitur
598 3615 734 3682 disertis
754 3616 870 3707 verbis
893 3615 1082 3684 Cluentium
1106 3612 1219 3680 iudicii
1242 3613 1388 3696 corrupti
1410 3631 1500 3678 accu-

155 3730 271 3795 satum
307 3744 380 3790 esse
414 3724 592 3790 contendit.
652 3723 716 3789 Sed
752 3742 828 3790 num
861 3723 934 3790 lieri
965 3729 1103 3805 poterat,
1138 3727 1174 3787 ut
1197 3719 1371 3788 Cluentius
1402 3737 1500 3801 eques

163 3833 332 3897 Romanus
363 3831 422 3896 illa
444 3831 516 3913 lege
540 3830 695 3896 Cornelia
727 3832 768 3896 de
799 3829 931 3896 iudiciis
960 3829 1123 3911 corruptis
1153 3828 1383 3916 adligaretur?
1428 3826 1501 3911 Qua

163 3940 202 4004 de
226 3959 263 4004 re
286 3938 350 4003 iam
376 3957 480 4020 pauca
502 3957 673 4019 exponere·
689 3956 822 4004 necesse
845 3942 906 4003 est.
984 3998 985 4001 ,

254 4047 324 4110 Lex
348 4045 504 4112 Cornelia
527 4046 566 4110 de
590 4044 721 4110 sicariis
745 4051 780 4110 et
803 4044 966 4122 veneficis,
991 4032 1056 4124 qua
1078 4044 1151 4126 lege
1171 4040 1345 4109 Cluentius
1369 4059 1499 4106 causam

163 4153 258 4230 dixit,
283 4154 379 4234 plura
397 4153 506 4235 capita
523 4151 724 4236 continebam
738 4171 873 4232 quorum
896 4170 994 4217 unum
1015 4151 1237 4233 quaestionem
1254 4161 1442 4230 perpetuam
1460 4147 1501 4212 de

162 4260 317 4328 veneficis
341 4259 522 4324 constituit.
559 4258 671 4324 Huius
684 4258 812 4340 capitis,
837 4260 923 4340 quod
947 4277 1009 4324 non
1026 4259 1130 4323 solum
1146 4255 1284 4321 crimina
1299 4253 1427 4338 veneni,
1443 4255 1500 4320 sed

163 4368 264 4433 etiam
289 4354 401 4431 iudicii
426 4365 573 4447 corrupti
589 4366 875 4446 complectebatur,
893 4365 1008 4431 (licem
1024 4370 1045 4447 ξ
1059 4367 1122 4430 148
1138 4365 1218 4429 haec
1234 4362 1337 4427 verba
1359 4362 1498 4444 allegat:

276 4475 395 4554 „Iubet
423 4475 477 4539 lex
501 4493 555 4553 ea,
587 4491 652 4553 qua
678 4473 750 4556 lege
781 4474 860 4538 baec
889 4471 1036 4554 quaestio
1060 4470 1240 4537 constituta
1263 4474 1330 4551 est,
1361 4467 1499 4534 iudicem

165 4580 368 4664 quaestionis
393 4632 451 4648 ...
476 4599 546 4647 cum
572 4579 614 4646 iis
638 4579 818 4658 iudicibus,
850 4579 906 4665 qui
938 4581 969 4644 ei
1002 4576 1255 4646 obvenerint..
1280 4594 1438 4661 quaerere
1460 4577 1500 4646 dc
