3322 5086
677 341 716 393 Dc
735 356 817 394 causa
835 339 987 408 Polystrati.
1440 341 1499 406 l8l

161 560 219 601 των
242 557 277 614 γε
301 532 403 611 ἕνεκα,
422 534 475 600 ἵνα
490 539 652 623 λάβοιμεν,
678 535 711 600 εὖ
736 534 816 622 ὑμᾶς
839 536 1011 622 ἐποιοῦμεν,
1037 536 1104 602 ἀλλ’
1131 536 1191 613 ἵνα,
1221 537 1342 600 εἴποτε
1365 538 1502 610 κίνδυνος

162 644 209 728 εἴη
241 641 331 728 ἡμῖν,
364 640 572 728 ἐξαιτοὺμενοι
604 645 674 726 παρ’
710 641 793 728 ὑμῶν
825 648 894 729 τὴν
912 643 999 714 ἀξίαν
1031 649 1122 729 χάριν
1156 643 1374 729 ἀπολάβοιμεν.
1423 643 1501 708 Ideo

160 749 264 830 igitur
295 767 368 832 sese
398 750 479 813 bene
511 749 550 811 de
581 768 616 812 re
645 749 777 830 publica
802 750 920 814 mereri
951 751 1032 815 dicit
1061 756 1185 828 orator,
1222 750 1323 829 qtrod,
1349 749 1377 814 si
1401 767 1499 814 causa

161 857 288 933 cadant,
314 854 485 937 pecuniam
511 855 639 919 solvere
664 875 726 919 uon
752 855 815 920 ianr
841 856 975 937 possint.

273 962 413 1028 Accedit
436 960 530 1042 quod,
557 962 639 1026 sire
658 964 791 1028 rerade
816 965 927 1028 eadem
944 983 1044 1029 causa
1067 969 1164 1044 atque
1182 963 1215 1027 in
1239 962 1348 1044 priore
1371 962 1498 1027 actione

162 1071 194 1136 in
230 1069 282 1135 ius
317 1075 454 1135 vocatus
490 1074 576 1133 esset
613 1069 839 1150 Polystratus,
876 1069 1005 1134 omnino
1041 1069 1196 1134 disertius
1228 1071 1267 1133 de
1300 1068 1365 1134 illis
1397 1067 1498 1132 crimi-

161 1177 257 1242 nibus
289 1175 473 1241 dicendum
491 1180 564 1240 erat
588 1175 663 1243 filio.
711 1175 777 1259 Qui
810 1176 917 1242 obiter
950 1183 1078 1242 tautum
1103 1175 1257 1256 quasdam
1282 1174 1500 1240 accusationis

160 1283 280 1365 prioris
304 1288 417 1363 partes
442 1276 649 1364 perstringit.
677 1282 779 1347 Velut
802 1287 887 1364 §ll
914 1286 954 1348 12
979 1283 1013 1347 in
1037 1283 1144 1364 priore
1169 1281 1296 1347 actione
1314 1282 1498 1363 Polystrato

160 1388 289 1455 crimini
306 1389 426 1453 datum
450 1407 537 1466 esse,
571 1389 656 1469 quod
680 1380 861 1471 Phrynicbi
885 1389 1008 1455 amicus
1032 1394 1089 1454 aut
1113 1400 1271 1472 cognatus
1295 1387 1409 1466 fuerit,
1439 1405 1498 1452 me-

161 1502 265 1560 morat
294 1494 392 1575 idque
422 1513 463 1558 ne
488 1493 607 1560 iterum
642 1497 831 1576 proferatur
861 1495 987 1563 veritus
1018 1495 1195 1578 redarguit.
1245 1494 1349 1580 Quale
1378 1493 1499 1560 crimen

161 1609 197 1668 ut
225 1601 308 1667 satis
340 1602 492 1665 idoneum
522 1608 596 1666 erat
619 1603 661 1667 ad
693 1601 851 1668 invidiam
875 1604 1067 1685 Polystrato
1097 1602 1292 1679 taciendam,
1325 1601 1373 1666 ita
1395 1600 1498 1683 ipsum

160 1714 387 1792 argumentum
412 1708 633 1774 accusationis
657 1709 827 1774 continere
852 1709 908 1775 vix
931 1715 1069 1790 poterat.

272 1813 450 1880 Diversam
477 1801 664 1896 explicandi
689 1815 777 1880 viam
797 1815 978 1897 ‘ingressus
1002 1823 1053 1880 est
1076 1814 1211 1880 Poblius
1235 1815 1255 1880 l.
1280 1833 1306 1879 c.
1333 1834 1359 1895 p.
1384 1816 1427 1879 23
1451 1833 1498 1893 sq.

160 1921 224 2007 Qui
248 1940 320 1986 cum
345 1920 415 1986 tere
438 1927 567 1986 constet
591 1922 625 1987 in
650 1922 711 1986 hac
734 1921 879 2002 actione,
905 1921 940 1986 in
964 1941 1028 2002 qua
1052 1921 1156 1987 oratio
1180 1921 1294 1986 habita
1316 1925 1381 1998 est,
1406 1919 1498 2003 Poly·

159 2034 299 2119 stratum
324 2029 364 2093 de
389 2028 517 2094 ratione
542 2028 689 2094 muueris
722 2029 886 2098 reddenda
909 2049 929 2093 a
953 2028 1093 2109 privatis
1125 2026 1369 2093 accusatoribus
1392 2032 1497 2108 postu-

159 2136 260 2221 latum
292 2129 383 2217 essej
415 2135 556 2222 priorem
590 2154 721 2218 causam
749 2134 859 2221 ‚ipsam
891 2153 1017 2216 quoque
1042 2136 1089 2213 ad
1124 2134 1284 2216 eutbyuas
1317 2131 1497 2217 Polystrati

159 2242 358 2336 pertinuisse
381 2241 565 2309 arbitratus
589 2242 622 2307 iu
648 2240 890 2324 compendiario
922 2230 1043 2326 iudicio
1068 2230 1229 2306 rationum
1251 2222 1496 2306 'reddendarum

159 2355 263 2415 a'ctam
289 2336 372 2415 esse
386 2348 517 2430 statuit,
543 2350 631 2430 quod·
653 2334 828 2430 unicuique
851 2337 1065 2431 magistratui
1080 2343 1153 2431 post
1175 2367 1292 2414 munus
1315 2341 1495 2429 depositum

160 2456 360 2522 subeundum
378 2463 459 2522 erat.
501 2456 706 2541 Quamquam
731 2474 807 2522 num
824 2443 1138 2538 tieri·potuer·it,'ut
1161 2454 1262 2520 eidem
1288 2451 1502 2537 magistratui

159 2582 292 2629 munere
315 2563 467 2629 defuncto
491 2571 567 2646 post
596 2563 752 2629 sollemne
776 2563 992 2644 eutby-narum
1023 2561 1175 2627 iudicium
1207 2561 1324 2639 iterum
1348 2560 1434 2626 actio
1457 2560 1497 2638 de

160 2670 342 2738 rationibus
352 2670 539 2754 repetendis
550 2674 666 2759 (γραφὴ
677 2674 746 2755 περὶ
756 2668 907 2753 εὐθυνῶν)
917 2662 1151 2747 intenderetur,
1163 2669 1293 2750 qrrodR.
1303 2655 1496 2734 Schoellium

159 2784 290 2842 secutus
314 2783 427 2843 censet
442 2777 589 2867 Publius
606 2779 655 2858 ,de
670 2796 710 2842 ea
727 2796 762 2842 re
778 2777 987 2843 vehementer
1011 2774 1195 2841 dubitatum
1211 2780 1269 2841 est.
1279 2776 1301 2857 ¹)
1335 2777 1388 2861 ,At
1411 2791 1496 2839 nunc

159 2905 283 2950 omnem
303 2885 552 2965 ¹dubitationem
585 2885 701 2951 eximit
731 2892 854 2951 certum
878 2882 1069 2963 Aristotelis
1100 2880 1319 2961 testimonium
1348 2879 1381 2946 iu
1412 2880 1496 2945 libro

159 2989 261 3074 nuper
284 2975 415 3074 reperto
439 2992 483 3071 de¹
503 2980 679 3075 republica
702 2991 957 3082 Atheniensium
981 3009 1007 3056 c.
1030 2991 1074 3057 48
1097 2989 1155 3071 adu
1176 2980 1223 3063 cr<
1245 2987 1410 3076 βοο[ληιαί]
1441 3010 1503 3053 τινι

158 3111 215 3164 τῶν
243 3103 299 3174 τὰς
329 3097 463 3174 eduum
490 3099 585 3185 ἐντῷ
617 3103 803 3186 δικαστηρίῳ
835 3085 1011 3164 δεδωκότων
1044 3097 1127 3172 ἐντὸς
1148 3103 1175 3180 γ’
1209 3095 1340 3184 [ἡμερῶν
1364 3093 1428 3183 ἀφ’]
1457 3093 1496 3183 ἥς

158 3207 253 3271 ἔδακε
277 3210 332 3281 τὰς
355 3205 489 3282 addimur<
512 3207 647 3272 εὔθυναν
672 3205 732 3272 ἀνὰ
755 3205 834 3272 ἰδίαν
851 3204 1079 3293 ἀντιδ[ίκ]η[οιν]
1102 3201 1297 3292 ἐμβαλέσθαι
1311 3249 1495 3268 .........

159 3315 279 3380 δίδωσιν
302 3327 343 3399 τῷ
367 3313 487 3401 stildorp
510 3319 574 3380 κτλ.
1425 3298 1428 3302 ⁴

270 3421 375 3497 Hinc,
413 3405 594 3500 miscitur,
632 3431 827 3504 nragnopere
861 3415 1105 3498 commendatur
1139 3418 1253 3484 Publii¹
1278 3416 1372 3497 ratio.
1419 3415 1494 3483 Nisi

159 3530 241 3609 quod
273 3548 387 3610 parum
420 3529 635 3610 probabiliter
663 3529 731 3611 ille
751 3527 920 3595 existimat
945 3528 984 3592 de
1015 3526 1136 3604 eisdem
1167 3527 1263 3591 rebus
1292 3524 1326 3590 in
1358 3530 1494 3604 utraque

158 3655 255 3701 causa
290 3641 398 3702 actum
428 3656 510 3702 esse.
558 3639 624 3705 Sed
654 3655 724 3702 cum
757 3636 969 3719 Polystratus
992 3635 1113 3699 eodem*
1127 3638 1269 3714 tempore
1293 3638 1328 3698 et
1361 3636 1496 3697 senator

158 3744 244 3809 inter
274 3744 530 3824 quadringentos
554 3751 589 3809 et
620 3748 811 3826 καταλογεὺς
833 3744 875 3810 ad
899 3743 1038 3809 indicem
1062 3740 1181 3809 civium
1211 3740 1372 3806 contionis
1396 3737 1493 3821 parti·

158 3850 267 3932 cipum.
292 3851 524 3917 conficiendum
554 3857 588 3917 et
618 3852 752 3917 navium
781 3849 967 3933 praefectus
995 3850 1038 3915 ad
1062 3847 1224 3915 Eretriam
1254 3847 1368 3924 fuerit,
1399 3843 1494 3922 facile

159 3957 241 4022 ellici
265 3963 409 4039 poterat,
442 3964 480 4024 ut
506 3959 546 4024 de
570 3959 682 4024 eodem
712 3959 910 4040 magistratu
934 3957 1075 4023 diversis
1099 3955 1288 4022 criminibus
1316 3961 1491 4037 peteretur.
1551 3940 1555 3946 ¹

161 4105 372 4112 Μ*

266 4144 286 4214 ¹)
305 4145 345 4199 Ol.
367 4137 488 4215 inprimis
508 4146 614 4214 Lipsius
633 4146 660 4198 iu
680 4146 772 4200 Meiem'
791 4149 818 4200 et
836 4146 1013 4201 Schoemanni
1032 4145 1180 4200 AttProu.
1199 4146 1241 4199 ed.
1260 4147 1277 4199 2
1296 4145 1309 4198 Ι
1326 4144 1379 4199 266
1398 4145 1450 4198 not.
