3324 5078
225 295 289 361 110
823 294 854 350 G·
873 293 959 365 Voeel

214 489 303 579 ,ὅλην
327 489 476 577 ὑπάρχειν
499 489 676 576 ἐπιτηδείως
698 491 841 576 ἔχουσαν.
882 491 944 555 ἔστι
969 493 1002 554 δὲ
1026 494 1184 580 πολιτικῆς
1206 500 1360 580 χορηγίας
1387 507 1506 580 πρῶτον
1527 500 1561 560 τά

222 622 254 663 τε
278 601 400 687 πληδος
422 608 481 660 τῶν
505 594 685 680 ἀνθρώπων,
715 603 828 671 πόσους
850 621 881 661 τε
905 602 960 662 καί
983 604 1088 671 ποίους
1110 621 1195 670 τινας
1217 594 1368 686 ὑπάρχειν
1395 603 1443 666 δεῖ
1465 607 1561 688 φάσει,

222 708 378 769 καὶκατὰ
401 707 455 788 τὴν
483 707 588 788 χώραν
622 702 780 779 ἀσαὺτως,
815 710 911 788 πόσην
949 727 978 766 τε
1015 702 1179 769 εἶναικαὶ
1211 712 1302 769 ποίαν
1321 711 1404 770 -τινά
1439 712 1561 796 ταὺτην.

223 811 320 874 Harrc
344 811 445 890 ipsam
468 817 576 874 autern
600 810 797 874 sententiam
827 810 854 871 si
885 809 992 873 minus
1022 810 1156 875 disertis
1181 811 1290 876 verbis
1321 821 1357 876 at
1387 833 1421 878 re
1447 823 1555 880 tamen

225 916 361 996 respicit
384 916 532 997 pluribus
555 917 636 980 loeis
661 916 734 980 libri
759 915 884 994 quarti,
917 915 1009 980 velut
1039 918 1134 982 1288b
1158 920 1200 982 23
1230 924 1305 983 ποία
1330 918 1384 1004 [sc.
1410 923 1559 1004 πολιτεία]

221 1045 267 1092 τις
301 1021 338 1086 ἀν
373 1020 451 1087 οὖσα
483 1023 603 1115 μάλιστ’
640 1023 687 1109 εἴη
719 1020 787 1085 κατ’
824 1020 919 1108 εὐχὴν
956 1024 1087 1108 μηδενὸς
1122 1023 1338 1109 ἐμποδίζοντος
1368 1037 1427 1091 τῶν
1463 1026 1558 1101 ἐκτός,

223 1147 252 1208 p.
274 1129 372 1193 1288b
388 1129 432 1193 30
455 1126 535 1210 λε’γω
559 1129 593 1191 δὲ
616 1126 678 1192 οἷον
702 1127 732 1190 εἴ
753 1149 808 1189 τινι
833 1128 920 1191 πόλει
944 1131 1122 1213 συμβέβηκε
1147 1134 1224 1216 μητε
1247 1133 1302 1217 την
1326 1129 1454 1220 ἀρίστην
1470 1135 1558 1197 πολι-

222 1237 370 1298 τείιεσθαι
393 1236 549 1299 πολιτείαν
573 1232 766 1320 ἀχορήγητον
790 1256 821 1296 τε
846 1231 924 1298 εἶναι
953 1237 1007 1297 καὶ
1030 1245 1088 1297 τῶν
1114 1233 1300 1316 ἀναγκαίων,
1336 1257 1365 1318 p.
1396 1240 1494 1304 1238δ
1517 1241 1558 1304 39

222 1351 273 1406 νῦν
296 1342 324 1404 δ’
348 1342 379 1405 οἳ
402 1346 457 1427 μὲν
479 1345 534 1428 την
558 1339 729 1426 ἀκροτάτην
752 1344 806 1404 καὶ
829 1341 978 1427 δεομένην
1002 1341 1123 1428 πολλης
1143 1347 1294 1428 χορηγίας
1317 1346 1441 1431 ζητοῦσι
1457 1351 1557 1432 μόνον.

223 1447 364 1515 Omnino
389 1467 466 1513 vero
490 1465 629 1512 causam·
651 1447 822 1528 eboregiae
857 1447 929 1511 sive
964 1465 1073 1511 rerum
1103 1449 1148 1523 ‚ud
1184 1467 1254 1514 rem
1284 1450 1448 1530 publicam
1480 1452 1558 1516 bene

224 1554 488 1619 constituendam
511 1553 767 1618 necessariarum
792 1553 920 1634 copiose
943 1559 978 1618 et
1001 1554 1096 1633 quasi
1127 1555 1206 1618 data
1234 1558 1333 1635 opera
1357 1555 1557 1622 Aristoteles

221 1661 306 1725 libro
329 1660 467 1743 septimo
491 1660 723 1743 pertractavit
746 1660 781 1724 in
804 1660 890 1725 libro
914 1666 1031 1740 quarto
1055 1660 1176 1727 leviter
1198 1679 1272 1726 eam
1294 1661 1450 1745 attigisse
1473 1664 1556 1728 satis

210 1767 346 1846 babuit,
371 1772 485 1848 utpote
508 1785 590 1846 quae
614 1766 678 1831 iarn
700 1772 800 1844 antea
823 1765 906 1847 satis
929 1766 1107 1846 explanata
1130 1775 1164 1831 et
1187 1783 1328 1832 excussa
1350 1773 1455 1832 esset.-

333 1882 443 1964 Magis
467 1882 634 1946 recondita
656 1888 691 1946 et
713 1899 796 1963 qnae
819 1880 1014 1962 interpretis
1045 1881 1168 1947 lumine
1197 1880 1349 1966 indigeat
1379 1888 1433 1946 est
1462 1883 1557 1962 ratio,

221 2009 303 2070 quae
327 1989 502 2059 intercedit
524 1989 614 2054 inter
636 1990 660 2054 l:
683 1989 732 2055 lv
758 2007 783 2053 ο.
810 1989 831 2052 3
855 2007 884 2068 p.
913 1989 1009 2052 1291·
1037 1990 1076 2052 16
1110 1993 1164 2053 καί
1195 1989 1292 2054 ταῦτα
1322 1993 1424 2054 πάντα
1446 1989 1559 2070 γίνεται

219 2100 374 2185 πλήρωμα
397 2109 452 2185 της
473 2101 596 2183 πρώτης
618 2098 752 2172 πόλεως,
788 2093 831 2168 ὡς
853 2105 913 2158 τῶν
948 2093 1125 2175 ἀναγκαίων
1160 2118 1193 2159 τε
1215 2096 1309 2182 χάριν
1337 2107 1444 2161 πᾶσαν
1471 2100 1559 2162 πάλιν

220 2215 448 2291 συνεστηκυῖαν,
472 2202 543 2267 ἀλλ’
567 2201 602 2266 οὐ
625 2212 676 2267 τοῦ
700 2204 800 2267 καλοῖ)
824 2204 944 2288 μᾶλλον
972 2212 1005 2264 et
1035 2202 1054 2265 l.
1077 2202 1143 2280 VII
1166 2219 1192 2271 o.
1213 2203 1253 2272 13
1276 2221 1307 2287 p.
1329 2202 1426 2266 1333·
1449 2203 1493 2268 36
1522 2207 1559 2267 τὰ

220 2312 247 2374 δ’
272 2309 428 2393 ἀναγκαῖα
449 2314 504 2374 καί
526 2316 664 2397 χρησιμα
687 2321 745 2374 τῶν
767 2311 873 2374 καλῶν
897 2307 1000 2374 ἕνεκεν
1024 2359 1163 2375 .....
1182 2308 1235 2372 δεῖ
1256 2312 1386 2395 μὲνγὰρ
1411 2306 1558 2395 ἀσχολεῖν

208 2419 374 2483 δι’)νοισθοιι
396 2422 451 2481 καὶ
473 2418 632 2503 πολεμεῖν,
665 2420 781 2504 μᾶλλον
802 2414 831 2479 δ’
855 2414 980 2504 εἰρήνην
1003 2416 1088 2497 ἄγειν
1111 2421 1164 2498 καὶ
1187 2417 1372 2501 σχολάζειν,
1402 2402 1458 2482 καὶ
1486 2415 1559 2480 τάν-

112 2607 114 2610 ⁴
221 2536 336 2607 αγκαῐα
358 2530 412 2589 καί
435 2528 474 2588 τά
496 2530 634 2611 χρήσιμα
658 2529 809 2608 πράττειν.
834 2527 873 2587 τὰ
895 2524 930 2587 δὲ
953 2525 1038 2587 καλά
1062 2523 1108 2600 δεῖ
1132 2523 1260 2608 μᾶλλον.
1303 2521 1447 2588 Tantum
1471 2522 1563 2600 euim,

221 2634 336 2697 abesse
359 2631 461 2708 dicas,
487 2639 523 2695 ot
546 2631 631 2696 alter
654 2631 743 2704 locus
768 2630 873 2695 altero
896 2629 965 2694 1οοο
989 2629 1188 2707 illustretur,
1213 2636 1403 2710 utprorsns
1425 2629 1456 2694 ei
1470 2627 1559 2694 inter

207 2757 256 2804 -se
281 2757 430 2821 pugnare¹
450 2739 655 2804 videantur..
682 2737 833 2818 Namque
857 2737 942 2816 quod
966 2738 1072 2802 altero
1096 2738 1166 2807 loco
1190 2753 1244 2800 res
1267 2736 1424 2801 honestas
1454 2735 1559 2818 magis

221 2863 316 2925 qltam
342 2863 395 2910 res
419 2845 622 2911 necessarias
646 2851 680 2909 et
703 2844 802 2909 utiles
825 2844 1022 2926 spectandas
1045 2862 1118 2909 esse
1150 2844 1244 2908 docet
1258 2903 1261 2906 .
1274 2846 1332 2932 (cic
1347 2844 1381 2907 δὲ
1405 2847 1489 2932 καλά
1512 2844 1559 2906 δεῖ

221 2954 353 3039 μᾶλλον)
377 2953 437 3017 ίιοο
469 2953 502 3016 in
538 2951 735 3017 contrarium
767 2950 878 3032 priore
906 2951 976 3014 loco
1000 2953 1118 3028 vertit,
1149 2958 1188 3015 ut
1218 2949 1366 3015 homines
1390 2949 1495 3033 magis
1517 2951 1557 3015 ob

221 3059 398 3124 utilitatem
423 3078 518 3140 quarm
542 3061 582 3123 ob
607 3059 808 3123 honestatem
833 3056 881 3139 (ob
905 3069 958 3122 τοο
980 3059 1081 3122 καλοῦ
1106 3059 1236 3144 μᾶλλον)
1267 3056 1302 3121 in
1335 3055 1484 3142 civitatis
1508 3075 1556 3122 so·

220 3167 371 3232 rietatem
415 3166 519 3232 coisse
560 3166 656 3231 dicat.
713 3168 763 3230 At
797 3166 873 3232 virle
908 3184 949 3230 ne
983 3165 1091 3246 speeie
1127 3164 1199 3231 veri
1234 3163 1306 3229 lulli
1341 3169 1376 3228 te
1407 3164 1556 3246 patiaris.

220 3274 349 3338 Etenim
381 3273 414 3338 in
446 3273 501 3336 illo
532 3273 608 3337 libri
639 3271 749 3351 quarti
779 3271 848 3336 loco
878 3272 1080 3336 Aristoteles
1115 3289 1179 3335 non
1215 3271 1294 3366 quid
1328 3269 1399 3352 ipse
1432 3273 1558 3338 sentiat

221 3380 338 3462 aperit,
363 3381 420 3444 sed
444 3380 611 3445 Socratem
637 3379 856 3460 reprehendit,
882 3380 966 3460 qnod
991 3398 1102 3443 eornm
1134 3379 1302 3456 ordinum,
1339 3378 1397 3460 qui
1429 3378 1557 3458 civibus

219 3488 260 3552 ad
285 3488 374 3554 vitae
398 3506 491 3554 usum
516 3487 692 3554 necessarii
716 3485 792 3563 sint,
818 3487 961 3551 solorum
978 3487 1137 3551 rationem
1156 3486 1284 3563 habeat,
1302 3487 1398 3567 quasi
1414 3486 1555 3567 optimae

220 3595 416 3676 reipublicae
470 3594 561 3659 cives
614 3613 676 3658 non
734 3593 769 3658 in
823 3593 1016 3659 liberalibus
1072 3601 1171 3674 atque
1223 3592 1375 3676 ingenuis
1430 3595 1557 3660 artibus

212 3701 393 3782 praecipue
426 3699 554 3768 versari
588 3700 736 3765 debeant.
785 3699 860 3765 Non
897 3699 1000 3781 igitur
1038 3699 1178 3765 dissidet
1215 3700 1302 3781 alter
1339 3700 1440 3767 alteri
1475 3702 1555 3782 1οοο,

221 3807 318 3872 immo
343 3809 462 3872 nititur
485 3807 685 3872 Aristoteles
710 3806 933 3887 disputatione
958 3807 991 3871 in
1015 3808 1099 3871 libro
1123 3807 1262 3888 septi-mo
1286 3809 1326 3872 de
1349 3807 1557 3888 praestantia

219 3914 348 3980 honesti
368 3914 532 3996 instituta,
549 3919 584 3978 ut
601 3921 717 3993 quarto
733 3913 818 3978 libro
835 3898 982 3980 Socratis
999 3914 1052 3980 vel
1069 3913 1222 3980 Platonis
1239 3914 1354 3980 falsam
1371 3913 1555 3996 opinionem

221 4020 368 4087 breviter
393 4021 538 4103 stringat
560 4027 657 4100 atque
682 4018 812 4086 refutet.
1254 4100 1255 4103 γ

331 4137 434 4219 Agite
458 4137 522 4201 iam
547 4137 588 4201 ad
612 4137 710 4202 alium
736 4139 839 4202 locum
863 4138 939 4202 libri
964 4120 1074 4217 quarti
1098 4137 1328 4204 excutiendum
1352 4140 1555 4220 accedamus

219 4232 281 4323 quo
306 4251 420 4309 auctor
443 4245 484 4309 ad
508 4263 555 4320 ea,
580 4261 663 4324 quae
687 4250 786 4308 ποίεε
809 4246 970 4326 exposuit,
996 4246 1065 4326 ipse
1089 4264 1147 4310 nos
1164 4246 1287 4311 diserte
1304 4246 1446 4312 remittit
1468 4247 1489 4314 l.
1504 4248 1553 4314 IV

218 4368 244 4414 o.
270 4353 291 4416 5
315 4371 344 4432 p.
375 4353 471 4416 1293b
498 4356 508 4415 l
539 4351 773 4437 ἀριστοκρατίαν
798 4358 853 4438 μὲν
877 4349 929 4416 οὖν
953 4356 1059 4426 καλῶς
1081 4353 1147 4439 ἔχει
1170 4356 1277 4420 καλεῖν
1299 4359 1370 4439 περὶ
1398 4354 1437 4444 ης
1466 4334 1556 4443 διηλᾸ

206 4459 317 4543 Ινδομεν
340 4457 372 4522 ἐν
396 4470 459 4532 τοῖς
481 4463 610 4543 πρώτοις
632 4461 743 4540 λόγοις,
773 4463 827 4546 τὴν
855 4463 914 4543 γάρ
946 4459 982 4524 ἐκ
1013 4471 1070 4524 τῶν
1103 4450 1233 4544 ἀρίστων
1266 4459 1374 4536 ἁπλῶς
1401 4466 1556 4529 πολιτείαν

216 4561 285 4629 κατ’
310 4562 420 4652 ἀρετὴν
451 4571 505 4632 καί
540 4571 582 4653 μη
617 4571 692 4652 πρὸς
711 4562 873 4640 ,ὑπόθεσίν
908 4589 975 4641 τινα
1008 4565 1137 4648 ἀγαθῶν
1168 4567 1288 4658 ἀνδρῶν
1316 4576 1413 4663 μόνην
1436 4574 1553 4646 δίκαιον
