3322 5086
751 306 831 360 Erich
852 307 980 362 Zicbarth.

312 500 404 583 Quod
419 498 460 562 ad
475 504 600 577 tempus
615 499 710 564 huius
724 502 857 581 paeanis
876 504 1004 582 attinet,
1024 502 1163 582 primum
1178 501 1268 565 tituli
1280 501 1538 584 praescriptione

201 610 352 672 docemur
377 604 569 684 inscriptum
586 624 658 670 esse
674 607 813 688 lapidem
830 608 974 672 Traiano
997 608 1194 686 imperatore
1219 614 1295 670 ante
1313 628 1433 674 armum
1447 611 1536 688 ·103;

202 717 242 778 ab
261 715 320 777 hoc
336 711 419 776 enim
446 720 589 792 tempore
614 732 787 794 cognomen
808 714 931 789 Dacici,
957 715 1040 791 qrrod
1066 713 1157 776 deest
1182 711 1257 775 huic
1283 713 1388 791 titulo,
1416 716 1537 780 abello

202 819 325 885 Dacico
343 815 483 882 feliciter
499 827 590 899 gesto
607 820 725 884 ceteris
742 818 984 899 cognominibus
997 818 1134 881 Traiani
1155 817 1301 881 additum
1320 837 1391 882 esse
1408 821 1537 885 Ditten·

203 929 358 1005 hargerus
389 925 540 1006 exposuit
571 926 610 989 ad
635 925 723 990 OJA
748 925 805 989 ΙΙΙ
834 925 914 998 tom
948 914 1145 988 testimoniis
1178 931 1332 989 autema
1365 926 1435 989 viro
1467 927 1537 991 doc·

203 1030 330 1095 tissimo
355 1031 466 1096 allatis
490 1032 623 1096 interim
648 1049 764 1095 novum
790 1031 927 1112 accessit
960 1031 1056 1096 trtuli'
1072 1030 1106 1095 in
1132 1032 1213 1096 Rev.
1239 1033 1421 1114 archbolog.
1453 1035 1537 1098 1883

202 1139 242 1202 II
265 1157 317 1220 pg.
347 1141 406 1203 177
433 1137 607 1218 publicati,
643 1137 696 1217 qui
721 1137 858 1218 septimo
875 1137 1009 1202 Traiani
1034 1137 1229 1218 imperantis
1254 1158 1339 1202 anno
1365 1138 1466 1220 lapidi
1493 1139 1537 1202 in-

203 1243 289 1308 cisus
314 1263 429 1309 nomen
456 1243 610 1308 Dacicum
636 1244 741 1306 habet.
754 1243 776 1325 ¹)

316 1367 398 1434 (lum
424 1370 484 1432 hoc
507 1373 651 1447 tempore
676 1368 780 1432 nostri
814 1369 903 1433 tituli
928 1371 1007 1433 bene
1039 1368 1193 1448 congruit
1216 1369 1390 1448 Pompeius
1416 1370 1538 1434 Planta

204 1474 347 1557 Aegypti
365 1472 552 1556 praelectus
568 1473 601 1538 in
626 1473 785 1565 principio
804 1474 892 1540 tituli
909 1468 1033 1554 dictus;
1058 1493 1131 1538 cum
1151 1474 1240 1558 ,enim
1267 1475 1381 1555 primis
1399 1475 1537 1541 Traiani

203 1579 403 1662 temporibus
418 1583 570 1661 Aegypto
583 1580 790 1660 praefuisse
782 1581 976 1645 iamdudum
994 1600 1034 1645 ex
1047 1580 1130 1646 Plin.
1148 1580 1249 1662 Epist.
1269 1581 1311 1645 ad
1324 1582 1458 1647 Traian
1474 1584 1539 1648 VH

194 1689 384 1781 constabat.
363 1686 601 1752 tNondum
592 1706 668 1751 mno
672 1697 781 1752 tuerat
797 1687 994 1768 Calpurnius
1011 1687 1164 1767 Sabinus
1187 1706 1281 1767 quem
1299 1688 1441 1768 epistrat
1443 1708 1537 1802 egum

203 1804 272 1859 tum
297 1792 399 1858 fuisse
423 1797 517 1858 docet
543 1793 715 1874 inscriptio
740 1801 815 1858 nost
816 1813 861 1858 ra.

317 1917 395 1998 Alia
419 1924 470 1982 est
493 1917 650 2001 quaestio,
675 1937 750 1982 num
775 1936 902 2006 carmen
926 1918 1012 1983 circa
1035 1919 1248 1984 centesimum
1273 1939 1393 1983 annum
1412 1940 1441 2000 p.
1461 1920 1539 1987 Ohr.

115 2087 117 2089 ,
204 2045 234 2090 n.
259 2023 361 2106 lapidi
384 2023 522 2090 incisum
546 2024 605 2088 hoc
628 2043 753 2105 quoque
769 2031 913 2106 tempore
929 2024 1130 2090 Ptolemaide
1154 2026 1365 2106 compositum
1391 2026 1458 2090 sit-
1485 2027 1539 2090 Ad

204 2150 301 2212 quam
324 2149 392 2195 rem
416 2129 656 2195 diiudicandam
689 2131 888 2224 summi'est
911 2132 1064 2196 momenti
1088 2131 1287 2209 similitudo,
1320 2152 1403 2213 quae
1437 2133 1536 2218 inter-

203 2236 292 2303 cedit
314 2237 402 2302 inter
424 2239 512 2302 hunc
534 2243 568 2302 ct
584 2237 812 2327 Atheniensem
830 2257 993 2319 paeanem,
1019 2257 1112 2319 quem
1130 2238 1304 2304 ediderunt
1325 2240 1536 2304 Kumanudcs

204 2345 325 2411 Athen.
351 2345 399 2412 VI
421 2363 474 2426 pg.
502 2344 582 2421 143,
612 2343 847 2426 Dittanherger
877 2344 959 2411 OJA
983 2345 1095 2424 1111,
1134 2347 1242 2423 lllb,
1277 2347 1409 2428 Bergk,
1443 2347 1537 2412 Poet.

203 2453 264 2535 lyr.
290 2453 328 2518 3⁴
349 2471 401 2535 pg.
427 2454 493 2518 676
506 2469 564 2532 sq,
590 2451 719 2535 Kaibel,
744 2453 803 2516 Rh.
831 2453 915 2516 Mus.
941 2453 992 2528 34,
1020 2450 1132 2532 208²)
1550 2489 1552 2494 .

294 2577 417 2643 Eadem
442 2577 528 2643 enim
551 2583 603 2643 est
625 2579 659 2642 in
690 2582 827 2658 utroque
862 2595 984 2658 paeane
1013 2575 1185 2640 advocatio
1212 2575 1395 2657 Apollinis,
1432 2575 1539 2656 patris

204 2684 405 2765 Aesculapii,
430 2685 543 2750 eadem
558 2683 758 2767 genealogia,
784 2685 913 2748 eaedem
930 2701 1042 2764 preces
1065 2691 1100 2747 et
1123 2680 1228 2747 forma
1249 2683 1346 2748 metri
1370 2683 1536 2765 dactylici.

205 2791 318 2876 Quid?
345 2791 429 2872 quod
442 2794 544 2856 verba
556 2809 680 2873 quoque
693 2791 802 2855 eadem
818 2791 954 2854 redeunt
970 2799 1041 2854 cum
1058 2789 1134 2854 aliis
1147 2791 1228 2854 locis
1246 2796 1313 2854 tum
1327 2810 1389 2856 v.v.
1407 2792 1539 2857 14-15

205 2897 422 2964 Atheniensis
445 2902 521 2981 (sec.
547 2917 610 2962 rec.
637 2898 800 2979 Dittenb.)
824 2906 858 2961 et
882 2899 991 2962 1-10
1016 2894 1112 2961 huius
1135 2896 1312 2983 paeanis.³)

317 3023 486 3118 Habemus
503 3003 605 3105 igitur
620 3029 732 3104 poetas
749 3032 873 3098 tenues,
898 3021 953 3102 qui
969 3022 1107 3086 aliorum
1132 3027 1204 3086 arte
1229 3030 1327 3101 atque
1352 3021 1463 3087 verbis
1488 3022 1539 3086 usi

204 3131 350 3196 carmina
367 3125 625 3220 composuerunt,
651 3148 783 3210 quorum
802 3129 965 3193 minimam
989 3134 1115 3210 partem
1139 3128 1202 3193 sibi
1227 3128 1343 3193 merito
1369 3129 1537 3194 vindicare

205 3238 351 3320 possint,
385 3238 539 3318 pleraque
563 3237 728 3303 veteribus
761 3237 881 3318 poetis,
916 3248 951 3301 ut
975 3235 1126 3317 Sophocli
1159 3235 1340 3316 Ariphroni
1366 3236 1539 3320 Licymnio
1634 3291 1635 3294 ,

206 3346 320 3431 Isyllo,
346 3363 426 3426 quos
450 3364 560 3409 omnes
584 3364 722 3426 paeanes
747 3343 963 3424 composuisse
988 3351 1126 3419 constat,
1152 3342 1301 3407 debeant.
1351 3344 1464 3423 Atque
1489 3344 1540 3408 hic

208 3453 338 3532 quidem
364 3471 466 3532 paean
491 3451 524 3516 iu
549 3451 711 3532 prioribus
735 3453 883 3533 partibus
908 3451 989 3516 nihil
1013 3450 1078 3516 nisi
1102 3467 1288 3515 communes
1316 3453 1358 3515 ad
1384 3450 1541 3515 Aescula-

208 3545 554 3640 piumcelebrandu'm
587 3558 741 3623 formulas
776 3561 925 3640 praebet,
962 3557 996 3622 in
1026 3564 1173 3622 extrema
1209 3557 1335 3622 demum
1372 3564 1466 3637 parte
1500 3558 1540 3622 ad

207 3668 323 3742 locum,
348 3685 461 3748 agrum
489 3667 703 3748 Aegyptium,
735 3673 768 3729 et
793 3667 917 3740 urbem,
950 3663 1162 3740 Ptolemaida,
1195 3665 1456 3729 accommodatus
1480 3672 1540 3729 est.

208 3773 329 3838 Mirum
356 3780 464 3838 autem
489 3791 584 3853 quam
609 3767 745 3836 maxime
768 3783 836 3846 est,
870 3773 953 3851 quod
985 3772 1018 3836 in
1042 3772 1161 3853 hymno
1194 3770 1296 3836 saluti
1329 3770 1538 3851 imperatoris

319 4013 338 4080 ¹)
359 4017 523 4079 Corruptum
543 4022 584 4067 cst
597 4019 647 4068 hoc
667 4019 695 4066 in
714 4018 803 4080 lapide
818 4033 914 4067 nomen
929 4018 1057 4080 praelecti
1074 4018 1199 4081 Aegypti,
1213 4021 1310 4065 extant
1323 4018 1413 4066 solum
1432 4017 1540 4066 litterae

208 4109 254 4158 ΟΥ
269 4103 365 4175 lllllllllll
381 4106 441 4155 YM
459 4103 527 4174 llllllll
544 4109 616 4156 ΚΑΙ
636 4106 739 4156 Dubito
758 4123 792 4156 an
813 4108 944 4157 audacius
962 4109 999 4156 sit
1012 4108 1066 4156 huc
1085 4107 1184 4155 referre
1203 4121 1302 4155 nomen
1323 4107 1438 4168 Sulpicii
1452 4105 1541 4169 simii,

208 4213 289 4260 quern
320 4197 436 4260 Aegypti
464 4197 631 4258 praefectum
661 4198 742 4245 luisse
771 4200 886 4245 testatur
910 4194 972 4245 CJG
997 4192 1152 4245 11147130
1179 4194 1222 4259 (cl.
1249 4195 1289 4243 Ill
1319 4210 1359 4257 pg.
1381 4191 1455 4257 312).
1488 4194 1539 4243 Sed

210 4303 251 4336 res
269 4286 389 4335 difficilis
408 4288 449 4334 est
468 4286 500 4333 ad
521 4286 735 4349 diiudicandum,
755 4287 884 4349 quoniam
903 4287 1077 4349 apographon
1098 4285 1199 4348 lapidis
1220 4285 1304 4333 deest.

316 4390 337 4456 1)
357 4394 396 4441 Dc
416 4373 503 4442 metro
521 4394 580 4443 cius
599 4395 659 4443 vide
679 4395 780 4444 Usener
800 4395 884 4455 Altgr.
906 4394 996 4442 Versb.
1017 4408 1061 4457 pg.
1081 4390 1123 4443 98.

316 4495 337 4564 ³)
357 4501 418 4560 Quo
437 4513 472 4547 cx
490 4513 622 4549 consensu
642 4506 755 4562 apparet
783 4517 805 4551 v.
828 4498 860 4550 16
880 4515 932 4550 non
952 4501 1136 4563 supplendum
1161 4514 1220 4548 esse
1245 4493 1377 4566 Ἠπιόνης
1408 4459 1542 4564 θόγατρεὲ

210 4592 267 4640 sive
287 4593 376 4657 κοῦροι
397 4588 563 4638 obeditores
583 4591 685 4653 volunt,
705 4590 752 4639 scd
771 4585 865 4646 παῖδες
884 4591 955 4640 sicut
974 4591 1073 4656 legitur
1092 4589 1120 4638 in
1141 4603 1245 4652 paeane
1265 4589 1440 4638 Ptolemcnsi.
