3322 5086
188 311 253 376 204
733 307 889 363 Franciscus
911 307 969 363 Boll

186 524 322 573 veneno.
370 507 411 571 In
435 521 529 586 quern
554 507 737 584 quaerere?
768 503 932 569 infinitum
957 505 1016 566 est.
1065 501 1269 585 Quicumque
1292 502 1426 580 fecerit,
1451 524 1526 572 ven·

188 613 318 690 diderit,
345 613 472 690 emerit,
499 609 658 685 babuerit,
684 608 821 676 dederit.
868 608 952 692 Quid
986 607 1096 672 eadem
1130 610 1183 674 lex
1210 609 1324 674 statim
1349 608 1526 694 adiung'it‘?

188 719 314 786 Recita.
356 720 471 799 Deque
496 716 566 783 eius
591 715 696 797 capite
711 716 879 798 quaerito.
915 713 1042 780 Cuius?
1066 714 1122 796 qui
1147 711 1286 782 coierit?
1310 716 1528 783 convenerit?

187 846 252 893 non
276 827 325 892 ita
349 830 408 890 est.
458 822 544 908 Quid
568 841 644 906 ergo
668 829 744 888 est‘?
780 823 839 888 dic.
889 820 955 904 Qui
987 820 1140 887 tribunus
1170 823 1311 888 militum
1342 821 1527 903 legionibus

188 938 345 1016 quattuor
369 930 484 1012 primis
514 928 610 1009 quive
641 937 796 1010 quaestor
833 928 987 994 tribunus
1019 928 1125 1009 plebis
1161 929 1383 1011 -deinceps
1415 948 1527 995 omnes

186 1040 402 1123 magistratus
426 1035 608 1103 nominavit
634 1077 674 1087 -
697 1037 801 1122 quive
821 1036 857 1101 in
887 1038 1005 1100 senatu
1036 1035 1235 1102 sententiam
1270 1035 1357 1101 dixit
1391 1035 1526 1103 dixerit.

189 1145 277 1231 Quid
300 1148 394 1211 tum?
442 1141 509 1227 Qui
530 1161 638 1209 eorum
663 1143 758 1221 coiit,
784 1141 918 1222 coierit,
942 1140 1341 1220 convenitconvenerit,
1365 1160 1429 1224 qno
1453 1143 1528 1224 quis

189 1251 309 1318 iudicio
333 1248 462 1330 publico
485 1249 786 1316 condemnaretur.“

301 1357 368 1422 Hic
392 1356 581 1424 Ciceronem
605 1377 668 1422 non
692 1362 797 1422 totum
821 1354 950 1437 quidem
973 1354 1057 1437 legis
1073 1359 1182 1437 caput,
1200 1356 1257 1421 sed
1274 1358 1377 1423 verba
1393 1356 1528 1445 integra

191 1463 347 1531 attulisse
370 1463 476 1545 ipsum
501 1462 580 1528 illud
605 1461 749 1540 ‚⁴,recita“
774 1463 986 1529 demonstrat.
1035 1465 1145 1543 Atque
1168 1481 1361 1544 quamquam
1392 1483 1456 1530 non
1486 1464 1528 1530 od

188 1567 335 1650 verbum,
360 1575 470 1634 tamen
494 1587 593 1634 sensu
608 1567 806 1634 conveniunt
821 1586 893 1633 cum
910 1567 1065 1645 hocloco,
1089 1588 1174 1648 quae
1190 1568 1223 1634 in
1241 1569 1319 1652 Dig.
1335 1572 1390 1650 48,
1408 1574 1440 1650 8,
1458 1574 1489 1646 1,
1506 1575 1524 1637 1

190 1675 406 1742 aMarciano
430 1679 585 1755 excerpta
608 1673 795 1760 traduntur.
841 1675 915 1740 Hoc
944 1673 1048 1757 igitur
1078 1693 1149 1742 cunr
1181 1675 1319 1741 Bardtio
1351 1697 1409 1759 pro
1438 1683 1528 1744 certo

187 1782 369 1849 habendum
383 1788 435 1846 est
446 1781 611 1862 pertinere
623 1781 683 1845 hoc
695 1780 777 1862 legis
788 1779 961 1848 Corneliae
973 1781 1213 1863 praescriptum
1227 1801 1332 1864 neque
1345 1783 1387 1849 ad
1400 1783 1529 1865 equites
1561 1820 1578 1867 ,ς

187 1891 353 1956 Romanos
377 1907 482 1968 neque
505 1887 547 1952 ad
570 1887 704 1968 plebem,
724 1887 780 1951 sed
797 1887 838 1952 ad
855 1886 959 1952 solum
976 1887 1178 1953 senatorium
1194 1888 1356 1956 ordinem·
1377 1889 1417 1956 L.
1435 1890 1529 1959 Sulla

189 1996 275 2062 enim
300 2015 373 2061 cum
397 1992 566 2059 senatoria
589 1993 710 2058 iudicia
734 1992 952 2073 restituisset,
987 1993 1195 2077 bnins’legis
1219 1996 1399 2077 perieulum
1422 1996 1529 2080 primo

187 2105 257 2170 loco
281 2102 321 2168 ad
345 2101 435 2183 ipsos
458 2099 592 2176 iudices,
618 2099 733 2170 deinde
757 2101 799 2166 ad
817 2099 988 2167 universos
1004 2105 1177 2167 senatores
1195 2095 1448 2186 referriv'olnit,
1472 2104 1529 2187 qui

190 2230 231 2276 ne
254 2209 397 2275 eiusdem
422 2205 548 2272 ordinis
564 2206 686 2271 iudices
703 2226 800 2288 saepe
816 2211 1071 2289 corrumperent,
1089 2207 1229 2274 maxime
1245 2217 1319 2275 erat
1334 2209 1527 2278 timendum.

197 2332 205 2370 ³:
302 2315 417 2383 Cicero
451 2313 556 2396 igitur
585 2312 662 2393 quid
693 2314 747 2380 lex
776 2313 840 2379 sibi
875 2314 975 2380 vellet
1006 2313 1077 2380 siue
1112 2315 1210 2382 dnbio
1241 2303 1329 2382 recte
1364 2316 1528 2400 exposuit

189 2413 295 2504 Atqui
323 2421 498 2490 Cluentius
533 2439 630 2503 eques
658 2421 825 2486 Romanus
860 2428 949 2497 erat,
985 2440 1050 2486 non
1081 2429 1154 2488 erat
1189 2423 1314 2488 ordinis
1350 2425 1528 2492 senatorii:

189 2549 267 2612 ergo
283 2530 345 2595 hac
367 2529 441 2610 lege
460 2546 524 2593 non
548 2530 730 2594 tenebatur.
771 2529 890 2608 Itaque
913 2537 1137 2594 accusatorem
1154 2529 1184 2594 si
1200 2530 1389 2597 Cluentium
1413 2531 1530 2598 iudicii

188 2636 349 2717 corrupti¹
380 2633 619 2714 accusavisset,
665 2634 868 2717 ineptissime
913 2642 1059 2701 acturum
1105 2635 1208 2702 fuisse
1249 2637 1410 2703 Bardtins
1445 2657 1476 2720 p.
1506 2640 1529 2705 ὃ

116 2778 118 2782 -
189 2744 318 2810 statuit.
369 2742 475 2828 Quam
505 2740 817 2824 argumentationem
840 2741 990 2822 speciem
1022 2742 1092 2808 veri
1124 2744 1244 2808 babere
1272 2742 1333 2810 vix'
1361 2743 1527 2812 initieris.

83 2884 85 2888 ·
188 2852 274 2918 Nam
306 2850 390 2933 quod
420 2850 517 2931 paulo
548 2849 636 2914 infra
659 2847 849 2930 diligentius
873 2848 1125 2930 explicabimus,
1158 2849 1300 2915 iudicum
1338 2869 1443 2932 neque
1473 2851 1530 2933 qni

188 2955 349 3023 senctorii
378 2974 482 3037 neque
512 2954 581 3038 qui·
595 2956 756 3036 equestris
785 2953 910 3020 ordinis
939 2963 1048 3036 erant,
1064 2958 1143 3022 bac
1170 2957 1242 3040 lege
1270 2959 1371 3024 etium
1400 2958 1530 3040 equites

189 3067 353 3131 Romanos
383 3061 610 3145 comprehendi
640 3062 828 3147 cupiebant,
860 3081 925 3143 qua
948 3081 989 3128 ne
1017 3074 1188 3129 senatores
1229 3063 1358 3146 quidem
1396 3084 1530 3132 causum

188 3171 297 3237 dicere
320 3171 518 3253 solebant;¹)
542 3170 616 3234 inde
640 3169 873 3234 libentissimos
908 3169 1005 3251 idque
1036 3190 1096 3236 suo
1126 3172 1198 3237 iure
1233 3190 1288 3237 eos
1313 3171 1407 3237 illuni
1438 3191 1530 3239 accu-

111 3260 113 3264 Α
188 3285 330 3346 satorem
354 3277 583 3359 repudiaturus
600 3294 672 3340 esse
690 3282 816 3340 certum
833 3281 914 3360 crat,
938 3276 992 3358 qui
1011 3295 1075 3358 qna
1090 3277 1252 3360 qnis‘lege
1268 3296 1332 3344 non
1349 3283 1529 3358 teneretur,

189 3406 229 3453 ea
260 3386 332 3468 lege
363 3403 436 3450 eum
472 3401 627 3449 accusare
662 3383 807 3448 auderet.
856 3383 1020 3449 Patronus
1050 3402 1128 3449 vero
1164 3384 1241 3465 quin
1271 3383 1301 3449 si
1337 3385 1399 3450 bac
1415 3384 1463 3450 -in
1495 3405 1531 3452 re

189 3491 431 3560 accusationem
465 3489 605 3555 dilucide
635 3488 864 3571 pervertisset,
900 3491 1002 3555 multo
1034 3491 1165 3556 facilius
1195 3491 1295 3557 etiam
1319 3493 1359 3556 de
1394 3491 1532 3559 crimine

190 3599 308 3668 veneni
332 3597 504 3665 victoriam
528 3603 756 3678 reportaturus
779 3601 868 3666 esset
891 3597 964 3677 quis
988 3597 1141 3663 dubitare
1164 3603 1319 3680 poterat?

304 3708 413 3787 Atque
436 3706 497 3770 hoc
520 3705 588 3770 loco
614 3710 700 3770 recte
724 3703 818 3769 nobis
841 3703 899 3769 illa
924 3703 1037 3770 afferri
1061 3705 1218 3771 videntur
1241 3724 1325 3787 quae
1349 3705 1467 3773 Cicero
1490 3726 1531 3774 ex

189 3812 391 3880 accusatoris
414 3811 562 3877 oratione
589 3811 711 3876 attulit.
759 3809 919 3894 Quamvis
943 3811 1029 3877 enim
1053 3814 1095 3878 ab
1118 3813 1310 3878 adversario
1343 3814 1531 3894 traduntur,

190 3929 299 3987 tamen
316 3939 440 3985 omnem
465 3918 699 3984 dubitationem
717 3924 877 4000 amovent,
901 3919 978 3999 quin
996 3925 1169 3985 accusator
1184 3920 1224 3984 de
1248 3920 1305 3985 illo
1322 3920 1407 4002 quod
1430 3939 1533 4003 supra

190 4028 331 4094 diximus
354 4026 438 4109 legis
455 4025 628 4093 Corneliae
645 4026 751 4107 capite
769 4027 872 4091 multa
894 4028 1008 4109 egerit.
1048 4027 1163 4093 Cicero
1180 4026 1266 4092 enirn
1285 4046 1357 4092 curn
1381 4027 1532 4095 omnibus

191 4138 288 4201 rebus
317 4133 434 4200 callide
461 4133 591 4199 vitiatis
619 4134 831 4215 funditusque
859 4133 1062 4214 perturbatis
1091 4134 1130 4200 de
1161 4133 1296 4199 crimine
1324 4134 1437 4201 iudicii
1465 4156 1531 4203 cor·
1626 4192 1636 4215 ,

190 4242 280 4324 rupti
316 4240 504 4318 Cluentium
540 4259 575 4305 se
609 4241 804 4324 purgarisse
838 4250 988 4321 censeat,
1034 4248 1258 4307 accusatorem
1297 4241 1387 4309 hisce
1422 4244 1533 4312 verbis

191 4350 352 4433 appellat:

300 4510 320 4579 ι)
338 4513 354 4579 ξ
374 4503 438 4564 144:
468 4526 538 4580 „qua
556 4508 613 4579 loge
632 4509 658 4562 in
677 4527 708 4564 eo
727 4505 824 4578 genere
843 4525 859 4562 a
877 4511 998 4565 senatore
1010 4511 1076 4565 ratio
1091 4510 1174 4580 repeti
1195 4509 1280 4579 solet,
1302 4478 1472 4580 depecuniis
1489 4528 1532 4567 xe·

192 4602 326 4670 petendis,
345 4617 378 4654 ea
395 4600 454 4670 lage
473 4599 659 4655 honestissime
678 4602 719 4654 est
737 4599 903 4654 absolutus.“
