3324 5078
202 295 224 362 4
754 293 834 358 ilrich
854 297 984 359 Ziebarth.

202 495 357 576 plectitur
380 498 458 575 (v.v.
477 496 648 580 tactas),
672 499 834 578 posterior
850 517 947 564 uuum
967 517 1097 564 versum
1116 503 1167 567 24.
1210 505 1337 572 Versus
1354 516 1463 574 autem
1481 511 1533 583 23,

200 601 255 680 qui
281 600 420 681 speciem
445 601 605 682 tripediae
629 604 834 686 logaoedicae
858 605 965 677 hahet,
992 605 1135 670 insertus
1159 618 1210 673 est
1228 613 1401 695 dactylicis
1420 617 1535 680 metris

200 707 376 771 secundum
412 713 522 773 notum
561 710 758 792 tragicorum
795 728 896 791 usum,
932 710 987 790 qui
1024 713 1111 777 iuter
1147 717 1294 797 dactylos
1330 739 1392 784 nou
1431 718 1534 787 solum

200 820 411 892 anapaestos,
448 815 587 892 iambos,
626 820 812 892 trochaeos,
849 819 904 882 sed
936 819 1033 882 etiam
1066 820 1275 899 logaoedicos,
1306 844 1421 890 versus
1458 830 1535 893 lieet

202 920 368 984 rarissime
392 928 491 1000 atque
516 923 674 1004 imprimis
698 923 732 986 in
749 923 906 988 clausulis
923 933 1135 1006 systematum
1154 930 1329 1010 exhihent;
1356 932 1395 996 cf.
1418 935 1533 998 Aesclr.

200 1029 317 1108 Agam.
347 1030 408 1092 133
431 1029 596 1109 (Kirchh.)

555 1137 677 1219 δρόσοις
700 1132 825 1209 ἁὲπτοις
849 1141 991 1223 μαλερῶν
1015 1141 1144 1202 λεόντων
1237 1170 1238 1173 “

556 1240 722 1322 aristoph,
747 1242 833 1323 Nub.
859 1247 923 1310 286
946 1245 1076 1326 (Mein.)

553 1354 753 1435 μαρμαρέαις
776 1348 808 1414 ἐν
832 1348 952 1432 αὐγαῖς.
1030 1370 1032 1375 “

288 1454 481 1533 Anacruein,
506 1473 571 1536 qua
594 1473 723 1521 versum
751 1459 790 1522 19
814 1463 944 1522 auctum
970 1457 1121 1534 vidimus,
1148 1464 1303 1525 tutantur
1326 1461 1427 1527 loci:'
1519 1467 1521 1471 '

554 1561 651 1643 Soph.
677 1563 756 1629 Oed.
784 1564 822 1628 R.
851 1566 913 1628 154

551 1666 612 1756 ἰήιε
636 1667 732 1732 Δάλιε
756 1667 858 1733 Παιάν

554 1774 658 1840 Arist.
683 1774 770 1842 Nub.
796 1777 861 1841 313

551 1886 606 1946 καὶ
629 1891 729 1967 μοῦσα
754 1885 950 1969 βαρίιβρομος
973 1883 1086 1950 αὐλῶν.

306 1987 528 2054 Pertractatis
551 1987 692 2069 singulis
716 1988 866 2069 partibus
889 1989 1103 2069 versibusque
1126 1989 1292 2068 carminis,
1318 1991 1347 2055 si
1371 1995 1529 2074 quomodo

193 2097 275 2162 lines
299 2113 455 2162 versuum
478 2101 575 2175 poeta
593 2094 832 2176 significaverit
854 2115 1004 2177 quaeras,
1030 2097 1172 2178 spondeo
1189 2116 1248 2178 pro
1264 2097 1397 2180 dactylo
1421 2099 1527 2180 po'sito

193 2221 311 2270 versus
334 2201 468 2294 plurimi
482 2199 649 2276 finiuntur,
675 2201 815 2267 catalexi
838 2220 955 2267 versus
977 2205 1018 2267 21
1044 2210 1079 2268 et
1103 2205 1156 2282 22,
1181 2203 1275 2269 hiatu
1299 2223 1416 2270 versus
1443 2207 1483 2270 13
1508 2225 1528 2269 a

193 2315 353 2392 sequente
388 2326 487 2375 versu
521 2307 695 2374 dirimitur.
743 2309 896 2374 Ceterum
931 2307 1043 2374 hiatus
1078 2298 1241 2374 admissus
1276 2315 1330 2376 est
1364 2312 1465 2376 etiam
1496 2313 1529 2377 in

193 2417 299 2483 medio
315 2417 459 2484 *versus
482 2439 514 2480 ιε
532 2413 690 2502 Ἠπιόνης,
714 2433 777 2496 quo
799 2415 869 2480 loco
892 2416 1054 2498 particula
1071 2441 1114 2496 τε,
1138 2417 1232 2481 cuius
1257 2417 1380 2482 vocalis
1405 2419 1531 2484 duobus

160 2511 162 2515 Α
191 2523 268 2614 aliis
290 2523 370 2588 locis
387 2528 502 2588 contra
523 2521 663 2603 lapidem
678 2521 828 2586 elidenda
843 2529 895 2586 est
909 2524 951 2602 (9.
967 2524 994 2586 ι’
1011 2521 1131 2599 edocte,
1157 2525 1209 2588 21.
1227 2524 1253 2586 ι’
1265 2521 1408 2606 ἀγανὸν),
1432 2525 1530 2607 plena

191 2637 294 2711 metro
310 2629 491 2713 flagitatur,
517 2628 626 2692 hiatus
643 2633 751 2693 autem
767 2629 932 2694 bucolicae
955 2648 1051 2710 quam
1076 2634 1196 2694 vocant
1219 2647 1377 2695 caesurae
1394 2630 1528 2696 licentia

127 2784 129 2787 -
190 2737 386 2804 defenditur.
435 2735 618 2817 Legitimus
653 2744 731 2801 vero
766 2741 818 2800 est
853 2735 963 2800 hiatus
994 2754 1058 2801 v.v.
1084 2738 1113 2800 7,
1142 2736 1193 2800 10.
1221 2737 1272 2815 16,
1309 2736 1366 2801 ubi
1403 2738 1527 2803 hiatum

189 2844 397 2931 coniunctum
421 2843 513 2908 illum
536 2861 606 2907 cum
631 2841 836 2922 correptione
859 2841 983 2908 vocalis
1007 2843 1123 2923 longae
1147 2849 1279 2909 tutatur
1301 2843 1393 2909 locus
1424 2845 1524 2910 simil-

187 2951 286 3016 limus
309 2949 412 3017 Arist.
437 2951 523 3017 Nub.
549 2951 614 3014 290
637 2949 766 3032 (Mein.)
882 2960 884 2966 ⁴

544 3057 724 3143 τηλεσκόπῳ
747 3055 862 3142 ὄμματι
884 3067 984 3137 γαῖαν.

299 3163 422 3230 Oouier
456 3163 695 3242 Wilamowitz,
730 3162 878 3244 Euripid.
913 3163 1046 3227 Heracl.
1087 3164 1104 3227 Ι
1136 3164 1210 3227 349.
1271 3154 1398 3229 Contra
1433 3163 1523 3246 leges

188 3279 310 3349 autem,
345 3267 428 3353 quas
452 3269 564 3352 optimi
589 3269 717 3350 quidem
742 3267 856 3350 poetae
880 3271 1066 3344 observant,
1092 3270 1228 3334 verbum
1254 3269 1288 3333 in
1313 3269 1377 3334 fiue
1402 3289 1467 3345 uu.
1493 3274 1523 3336 9.

190 3379 239 3444 15.
266 3380 318 3444 20.
344 3395 408 3442 nou
424 3376 548 3452 finitur,
575 3376 658 3442 unde
680 3377 709 3440 si
733 3376 806 3458 quis
830 3393 948 3441 versus
971 3377 991 3440 9
1015 3380 1050 3439 et
1076 3378 1126 3451 10,
1154 3377 1194 3439 15
1218 3381 1253 3439 et
1280 3377 1330 3454 16,
1356 3377 1400 3441 20
1425 3384 1458 3442 et
1482 3380 1522 3442 21

185 3483 326 3568 singulis
350 3483 492 3566 periodis
515 3482 830 3564 comprehendendos
853 3481 1018 3559 censebit,
1043 3480 1190 3561 equide'm
1221 3499 1285 3546 non
1319 3480 1520 3572 refragabor.

297 3591 447 3673 Denique
470 3610 487 3656 e
511 3609 546 3664 re
577 3589 642 3654 erit
670 3607 844 3671 aulocrene,
877 3593 987 3653 utrum
1020 3586 1162 3668 singulis
1195 3586 1331 3667 pedibus
1363 3608 1407 3653 an
1438 3591 1523 3654 hiuis

185 3717 316 3765 carmen
340 3684 571 3764 dimetiendum
597 3703 691 3778 poeta
716 3694 899 3776 curaverit;
925 3701 1100 3774 utrumque
1124 3693 1210 3759 enim
1234 3712 1255 3758 a
1280 3694 1387 3774 poetis
1411 3695 1525 3777 lyricis

185 3805 308 3870 factum
332 3823 405 3870 esse
428 3810 595 3870 testantur
618 3801 956 3870 MariusVictorinns
980 3802 1029 3879 Il,
1055 3807 1075 3866 2
1099 3801 1225 3883 (Gram.
1240 3801 1315 3867 Lat.
1342 3803 1411 3867 tv
1436 3821 1464 3881 p.
1480 3804 1522 3866 70

184 3911 234 3977 ed.
261 3911 364 3994 Keil.)
397 3919 431 3977 et
462 3911 638 3977 scholiasta
660 3908 918 3992 Hephaestionis
949 3927 1001 3990 pg.
1029 3910 1092 3974 165
1116 3927 1162 3988 sq.
1187 3908 1236 3973 ed'.
1264 3908 1521 3990 Westphaltct.

184 4016 316 4094 Ohrist,
349 4017 522 4084 Metrik2
551 4021 571 4100 ξ
598 4019 680 4096 181).
735 4015 894 4097 Dipodica
924 4025 1032 4081 autem
1064 4014 1223 4080 dimensio
1257 4014 1355 4080 huius
1386 4015 1522 4096 paeanis

184 4126 311 4191 duabus
342 4124 503 4207 imprimis
535 4128 631 4190 rebus
654 4124 916 4202 commendatur,
947 4129 982 4187 et
1004 4126 1119 4188 crebra
1143 4121 1373 4187 coniunctione
1401 4121 1523 4203 dactyli

183 4250 256 4298 cum
290 4232 433 4313 spondeo
464 4239 529 4314 1.-
541 4229 680 4318 W--)
721 4229 774 4295 vel
809 4231 944 4294 duorum
976 4231 1189 4310 spondeorum
1221 4232 1404 4310 (.„--)‚
1439 4246 1522 4306 quae

183 4339 269 4404 utin
294 4337 409 4403 metris
432 4337 650 4420 monopodicis
674 4355 759 4416 rara,
784 4336 834 4402 ita
857 4335 890 4400 in
906 4335 1065 4417 dipodicis
1089 4334 1243 4415 frequens
1260 4342 1321 4410 est,
1347 4345 1381 4400 et
1397 4335 1522 4416 magni-

182 4445 297 4511 tudine
313 4463 467 4511 versnum
483 4444 711 4526 complurium;
738 4443 916 4508 scholiasta
931 4440 1018 4506 enim
1043 4441 1098 4506 ille
1115 4439 1378 4522 Hephaestionis
1402 4457 1521 4505 versus

64 4611 67 4617 .
182 4552 361 4647 dactylicos
390 4551 447 4633 qui
481 4551 739 4635 magnitudinem
773 4548 969 4626 hexametri*
988 4549 1148 4614 excedant
1182 4552 1265 4612 κατὰ
1300 4548 1441 4612 διποδίαν
1473 4545 1517 4609 di-
