3322 5086
712 333 791 388 hirich
810 333 939 388 Ziebarth.

290 527 410 592 Νείλου
434 529 467 592 δὲ
491 527 566 613 ῥοὰς
589 531 681 617 διξιης,
707 536 822 617 μάκαρ,
848 529 965 600 ἀιδίους
988 531 1042 590 καὶ

225 640 268 702 20
292 637 364 718 τᾷδε
390 638 477 700 πόλει
501 639 604 710 θάλος
629 635 795 723 ἀμβρόσιον
819 641 877 700 πά-

296 765 335 825 σιρ
360 740 501 822 τ’ἀγανὸν
525 745 619 815 κλέος
644 742 793 823 Αἰγὺπιιρ.

381 848 475 934 χαῖρέ
498 872 559 933 μοι,
584 848 608 911 ὡ
632 854 736 926 παιάν,
762 845 904 930 ἐπ’ὲμαῖς

383 952 507 1042 εὔφροσι
531 955 626 1017 ταῖσδ’
652 952 782 1027 ἀοιδαῖς,
887 970 890 977 ·

384 1064 481 1148 χαῖρ’,
506 1060 530 1123 ὡ
555 1059 648 1123 Πυθι’
673 1057 844 1123 Ἀπολλον.

273 1205 368 1269 Hanc
392 1203 636 1284 inscriptionem
662 1200 781 1280 optime
805 1201 960 1283 scriptam
985 1211 1019 1267 et
1051 1211 1230 1279 servatam,
1262 1224 1383 1284 paucos
1419 1212 1496 1270 ante

158 1329 260 1374 annos
296 1311 330 1375 in
359 1311 432 1376 vico
456 1308 648 1374 Menschieh
679 1308 896 1389 (Ptolemaide
920 1311 1157 1395 Aegyptorum)
1194 1317 1374 1388 repertam,
1413 1331 1497 1375 nuuc

157 1417 191 1480 in
216 1437 326 1482 museo
352 1417 414 1494 „de
438 1414 585 1494 Boulaq“
610 1420 792 1492 servatam,
823 1414 943 1495 publici
967 1416 1049 1480 iuris
1072 1415 1151 1480 iecit
1174 1418 1208 1482 J.
1236 1416 1375 1493 Baillet,
1413 1418 1494 1482 Rev.

158 1525 341 1606 archeolog.
368 1528 445 1587 tom.
465 1523 514 1586 13.
535 1522 628 1587 1889.
652 1540 703 1602 pg.
724 1524 766 1586 70
783 1519 831 1598 ff.;
857 1522 1083 1588 eiusdem'viri
1099 1521 1222 1604 insigni
1248 1524 1496 1588 benevolentiae

157 1637 336 1713 autotypon
363 1628 652 1710 photographicum
675 1628 826 1702 debetur,
864 1627 1054 1693 aOhristio
1079 1631 1235 1711 magistro
1260 1620 1383 1709 optimo
1417 1631 1496 1693 mihi

157 1737 411 1806 examinandum
436 1736 697 1800 commodatum·
718 1737 798 1799 Post
821 1734 1025 1816 principium,
1052 1724 1136 1816 quod
1161 1735 1249 1799 infra
1265 1736 1492 1824 tractabimus,

157 1844 410 1929 legiturpaean
435 1840 644 1907 inhonorem
670 1840 860 1921 Aesculapii
891 1839 1008 1907 iactus,
1058 1843 1182 1907 Versus
1217 1842 1289 1907 eius
1326 1842 1359 1906 in
1389 1825 1498 1924 lapide

159 1971 223 2016 non
247 1948 402 2030 dirempti
426 1947 517 2020 s'unt.
551 1946 584 2011 id
609 1949 692 2028 quod
725 1943 847 2012 factum
875 1933 926 2012 est
950 1946 984 2012 in
1015 1947 1115 2012 simili
1138 1968 1263 2029 paeane
1287 1950 1431 2014 Athenis
1456 1950 1498 2013 ad

161 2056 370 2137 Asclepieum
395 2055 529 2121 invento
564 2054 618 2139 (cf.
644 2053 759 2136 infra),
797 2053 889 2119 cuius
913 2063 1019 2120 metra
1051 2075 1109 2136 per
1133 2056 1270 2121 εἴσθεσιν
1297 2056 1331 2121 in
1357 2057 1498 2121 secundo

159 2182 285 2244 quoque
298 2161 523 2243 pericoparum
532 2178 627 2225 versu
639 2158 820 2225 adhibitam
832 2160 989 2226 distincte
1006 2161 1207 2229 dividuntur.
1246 2163 1371 2229 (lontra
1385 2169 1497 2228 noster

119 2327 122 2331 .
160 2257 343 2351 lapidarius
358 2255 555 2349 scripturam
572 2267 787 2346 continuavit,
810 2269 858 2332 ita
874 2267 1013 2348 quidem,
1039 2278 1076 2333 ut
1098 2269 1222 2350 singuli
1246 2289 1363 2336 versus
1378 2289 1497 2351 parem

161 2376 230 2442 lere
264 2374 503 2457 longitudinem
538 2372 718 2455 praebeant
748 2379 783 2440 et
812 2393 883 2440 cum
916 2394 1014 2441 versu
1038 2395 1165 2457 semper
1189 2379 1324 2443 verbum
1348 2376 1495 2442 finiatur.

161 2484 245 2548 Inde
260 2502 333 2547 cum
358 2466 492 2563 paeanis
510 2480 724 2546 Atheniensis
741 2482 865 2562 species
881 2484 1019 2547 metrica
1042 2483 1123 2548 nulli
1140 2484 1340 2549 dubitationi
1358 2485 1500 2549 obnoxia
1540 2558 1561 2573 ..

161 2589 215 2664 sit,
241 2578 408 2654 difficilior
423 2595 475 2654 est
491 2588 640 2669 quaestio
664 2589 703 2652 de
720 2589 815 2653 huius
832 2589 967 2670 paeanis
990 2590 1187 2655 colometria.
1227 2591 1363 2656 Veritus
1387 2599 1495 2655 autem

161 2715 231 2760 sum
262 2696 392 2778 signum
426 2697 543 2762 ‘lull
575 2704 647 2776 post
670 2701 780 2774 παιάν,
815 2714 845 2761 v.
875 2697 914 2761 10
943 2701 1018 2776 post
1047 2697 1171 2774 παῖδες,
1207 2716 1237 2762 v.
1267 2699 1306 2762 13
1330 2707 1403 2777 post
1437 2721 1497 2783 μοι,

162 2823 191 2868 v.
229 2805 270 2867 14
301 2812 375 2883 post
398 2807 511 2879 παιάν,
548 2822 577 2867 v.
619 2807 656 2867 ld
693 2808 766 2883 post
795 2793 959 2889 δοκίμους,
995 2823 1025 2869 v.
1056 2805 1093 2868 18
1129 2812 1203 2884 post
1226 2809 1321 2868 παιάν
1358 2803 1498 2884 positum

162 2911 201 2974 ad
226 2909 325 2974 istam
349 2909 572 2992 quaestionem
597 2909 836 2976 dilucidandam
860 2911 1032 2989 adhibere3
1057 2911 1117 2975 hoc
1140 2911 1233 2984 enim
1250 2909 1391 2992 signum,
1416 2912 1500 2989 quod

162 3037 182 3080 a
206 3016 313 3098 figura
336 3016 498 3082 coronidis
524 3035 587 3081 nou
612 3017 748 3082 multum
778 3019 945 3104 abhorret„
982 3036 1084 3098 oeque
1113 3024 1212 3098 atque
1245 3025 1398 3098 punctum
1425 3037 1453 3082 v.
1479 3019 1501 3081 4

161 3131 234 3205 post
259 3122 426 3209 Φλεγυεία,
452 3143 482 3190 v.
504 3125 544 3188 10
567 3130 641 3205 post
664 3122 780 3208 Ὑγιειά
803 3124 943 3206 positum
968 3124 1128 3189 orationis
1146 3123 1409 3206 distinguendae,
1435 3145 1498 3188 non

161 3231 258 3296 metri
283 3231 451 3297 dividendi
476 3250 575 3296 causa
598 3250 618 3296 a
642 3231 800 3313 lapidario
824 3230 964 3312 positum
989 3250 1062 3296 esse
1086 3229 1246 3298 existimo.

277 3374 447 3457 Dactylico
470 3380 589 3450 metro,
615 3392 676 3453 quo
702 3375 786 3438 hunc
808 3392 964 3454 paeonem
988 3373 1199 3454 compositum
1225 3391 1297 3438 esse
1321 3379 1430 3453 patet,
1456 3375 1497 3440 ad

126 3517 127 3520 =
162 3481 246 3546 tales
278 3489 395 3546 cautus
427 3499 536 3546 sacros
571 3479 667 3544 etiam
693 3481 810 3563 tragici
834 3485 950 3561 poetae
975 3479 1023 3544 uti
1055 3479 1170 3544 solent.
1220 3480 1379 3546 Conferre
1404 3480 1500 3546 iuvat

162 3597 195 3653 et
220 3588 391 3656 sollemnia
415 3590 525 3664 verba,
551 3586 669 3668 quibus
692 3591 867 3673 προπομποί
891 3574 1091 3652 comitantur
1114 3586 1244 3669 agmine
1270 3590 1353 3652 festo
1380 3589 1502 3651 Burne-

163 3694 258 3759 nidas
282 3696 316 3759 in
340 3693 405 3758 fine
422 3693 577 3776 Aeschyli
597 3694 822 3772 Eumenidum,
847 3702 881 3759 ct
907 3696 1007 3760 verba
1031 3693 1120 3758 chori
1146 3693 1261 3774 paeani
1285 3694 1319 3758 in
1346 3695 1500 3758 honorem

165 3801 334 3881 Apollinis
358 3799 525 3865 simillima
549 3800 583 3864 in
606 3801 727 3881 parodo
751 3799 920 3881 Sophoclei
943 3798 1120 3881 Oedipodis
1145 3799 1257 3881 Regis.
1298 3801 1502 3865 Praeclaris-

162 3906 280 3972 simum
305 3927 383 3974 vero
407 3908 503 3973 huius
528 3907 680 3990 dactylici
695 3907 825 3989 generis
842 3908 1021 3989 exemplum
1038 3909 1173 3988 praebet
1189 3907 1329 3988 parodos
1348 3908 1501 3989 Aeschyli

166 4014 430 4096 Agamemnonis.
479 4016 593 4095 Neque
618 4014 681 4078 alio
709 4022 811 4078 metro
834 4014 1033 4096 compositus
1057 4021 1107 4078 est
1140 4032 1242 4093 paean
1277 4015 1503 4096 Atheniensis,

164 4139 258 4200 quem
284 4120 349 4185 iam
374 4141 474 4203 supra
497 4121 825 4188 commemoravimus

278 4265 397 4328 Partes
421 4263 491 4331 sive
515 4264 663 4346 periodos
687 4264 820 4345 paeanis
845 4269 880 4328 nt
904 4263 1155 4346 distinguamus,
1181 4263 1340 4345 imprimis
1370 4283 1501 4328 versum

166 4369 341 4436 iambicum
366 4388 425 4436 nos
448 4371 619 4437 attendere
643 4377 782 4452 oportet,
806 4390 868 4451 quo
893 4382 945 4435 ter
968 4371 1108 4452 repetito
1125 4376 1169 4452 (v.
1194 4373 1372 4454 51117)
1398 4378 1502 4435 toturn

165 4496 296 4543 carmen
327 4477 361 4542 in
392 4485 504 4560 partes
527 4486 684 4560 quattuor
708 4478 878 4543 scinditur.
927 4478 1157 4560 Tetrapodiam
1188 4485 1297 4542 autem
1330 4478 1503 4542 iambicam

166 4605 186 4649 ιι
210 4583 383 4667 dactylicis
407 4587 597 4668 systematis
622 4605 683 4651 noo
708 4588 884 4652 abhorrere
908 4592 1012 4651 testes
1037 4593 1115 4650 sunt
1138 4585 1201 4650 loci
1226 4587 1273 4650 hi:
