3322 5086
228 320 303 386 Uber
320 329 441 382 hendenz
460 329 515 382 und
536 328 757 398 Ablassungszeit
774 328 1056 401 ‹leesophohlelsehen
1076 319 1177 400 Odlpus
1195 330 1243 384 aul
1259 325 1384 385 Kolonos,
1428 332 1490 417 ,167

155 524 322 596 Βείνοιίιῖ
360 525 510 590 kommen
545 526 686 589 khnnen.
741 526 822 604 Erst
857 524 1010 590 wahrend
1045 525 1103 590 des
1138 525 1261 590 letzlen
1296 524 1405 591 Telles
1438 527 1495 591 des

159 630 315 716 *Keiegee
331 631 389 695 els
414 631 500 718 Agis
525 650 588 697 von
615 631 772 695 Dekeleia
796 650 854 696 aus
878 636 989 696 ernsle
1005 630 1158 714 Angriffe
1181 631 1236 696 aul
1253 633 1364 697 Athen
1385 638 1493 698 unter-

163 738 277 815 nahm‚
313 738 434 803 meldet
469 756 530 802 uns
566 737 619 801 die
655 737 853 803 Gesehiehte
893 757 953 803 νου
994 737 1199 820 gllleklichen
1235 739 1398 821 Kamplen
1438 739 1496 804 der

163 843 314 908 Athener
339 816 369 906 sn
397 843 553 907 nelehster
576 842 671 907 Νέβιε
698 844 756 907 del·
780 843 886 908 Stadt.
934 843 1093 908 Ziemlich
1128 845 1307 926 unwiehlig
1338 846 1411 910 sind
1443 845 1496 910 die

161 950 330 1027 Gelechle,
357 949 479 1029 welche
503 948 720 1031 gelegentlich
745 948 803 1013 der
820 947 969 1031 Angriffe
994 949 1051 1013 des
1070 949 1153 1032 Agis
1178 957 1273 1015 uhter
1290 951 1361 1016 dem
1376 953 1412 1019 l.
1429 954 1493 1018 411

160 1076 222 1121 νου
246 1057 347 1121 Τίιιιο.
378 1049 464 1132 ίἯ,
482 1058 523 1120 72
557 1055 623 1119 und
657 1041 754 1120 nelei·
784 1056 856 1120 dem
879 1056 913 1121 J.
938 1058 1004 1121 410
1028 1074 1091 1120 νου
1116 1057 1204 1121 Xen.
1229 1056 1318 1127 Hell.
1343 1059 1371 1135 1,
1399 1062 1426 1131 l.
1452 1060 1495 1124 33

161 1163 289 1228 erzllhlt
313 1162 453 1226 werden.
496 1162 565 1226 'Um
593 1180 633 1242 so¹
654 1169 807 1243 gressere
832 1163 1023 1244 Beeehtung
1043 1164 1123 1227 abel·
1145 1161 1296 1227 verdient
1318 1163 1370 1228 ein
1395 1149 1497 1228 Uber-

160 1270 227 1344 lall,
252 1264 311 1334 der
334 1288 384 1333 am
410 1269 503 1332 Ende
527 1267 585 1333 des
609 1268 644 1333 J.
661 1270 725 1333 407
752 1269 934 1334 baldnaeh
958 1268 1015 1334 der
1040 1266 1187 1334 Ablahrl
1218 1269 1274 1333 des
1299 1269 1495 1336 Alkibledes

158 1396 200 1442 an
223 1375 276 1440 die
287 1375 438 1458 ‘jonische
456 1375 564 1441 Khste
585 1393 646 1439 νου
667 1357 950 1456 άουνονεῖνιίςιειι
968 1374 1249 1440 hakedemoniern
1268 1377 1332 1441 u'ud
1351 1357 1494 1441 Βὸοιενυ

160 1490 422 1570 υυιονοοιιιυιευ,
458 1501 520 1547 νου
555 1481 616 1545 den
642 1463 815 1546 Athehem
839 1483 918 1546 aber
948 1483 1028 1546 nach
1054 1469 1198 1565 βυθίζειν
1223 1470 1389 1564 Κῖίιυρίενι
1413 1481 1494 1566 sieg-

160 1589 249 1654 reich
281 1587 571 1669 zurliekgewiesen
596 1588 717 1657 wurde.
765 1588 817 1652 Da
842 1591 886 1652 ἐν
919 1589 1046 1673 gerade
1075 1589 1107 1653 i‘n
1142 1589 1194 1653 die
1225 1587 1302 1653 Zeil
1336 1567 1425 1668 seht,
1461 1589 1495 1654 in

160 1696 283 1762 welche
299 1695 364 1760 ‘der
389 1681 513 1775 (ldipus
538 1694 598 1775 aul
618 1694 766 1759 Kolonos
791 1696 873 1760 nach
897 1695 955 1759 der
977 1695 1069 1760 allen
1085 1693 1258 1786 Traditioh
1281 1687 1357 1760 und'
1371 1695 1494 1760 seinem

159 1810 285 1886 ganzen
312 1787 500 1868 Cheraleter
523 1820 564 1866 zu
588 1807 700 1868 τευτευ
732 1796 792 1878 ist,
824 1820 860 1866 se
892 1800 973 1884 liegt
1004 1821 1039 1868 es
1069 1803 1170 1878 nahe,
1199 1801 1311 1867 diesen
1335 1800 1413 1882 Sieg
1437 1800 1496 1866 mit

157 1903 289 1974 'unser'm
315 1909 438 1975 Stheke
462 1907 496 1973 in
516 1905 706 1992 Bez'iehung
729 1927 769 1973 zu
793 1913 914 1985 selzen,
941 1922 1009 1973 was
1026 1895 1151 1975 melnes¹
1168 1907 1319 1974 Wissens
1336 1906 1386 1996 his
1406 1907 1493 1999 jehel

159 2019 240 2082 noch
265 2014 356 2080 nicht
379 2013 566 2105 gesellehen‘
585 2014 639 2080 ist.
659 2031 661 2034 ’
691 2013 814 2080 Diodor
833 2015 906 2098 gibt
933 2016 1044 2094 XlII‚
1070 2011 1152 2083 721⁴.
1177 2016 1241 2105 ven
1272 2015 1343 2080 dem
1368 2013 1493 2080 Vorfall

160 2123 311 2206 folgende
344 2119 566 2186 ausllihlliehe
602 2120 863 2204 Besellreibung:
904 2119 999 2204 Ἀγις
1032 2119 1060 2186 δ’
1094 2120 1112 2188 ὁ
1150 2133 1208 2186 τῶν
1241 2120 1495 2208 Λακεδαιμονίων

158 2232 307 2316 ’βασιλεὺς
330 2229 437 2315 ἔτυχεν
462 2233 518 2316 μέν
542 2227 573 2292 ἐν
597 2239 633 2314 τη
658 2227 809 2314 Δεκελείορ
832 2230 992 2314 διατρίβων
1024 2233 1101 2316 μετὰ
1131 2241 1186 2318 της
1213 2230 1390 2315 δυνάμεως,
1420 2251 1495 2294 πυν-

157 2320 332 2426 θανόμενος
354 2337 388 2400 δέ
413 2338 483 2406 τοὺς
509 2341 689 2420 κρατίστους
718 2347 776 2399 τῶν
799 2332 979 2423 Ἀθηναίων
1011 2336 1075 2422 μετ’
1099 2333 1301 2420 Ἀλκιβιάδου
1332 2359 1495 2425 στρατευο-

159 2444 276 2531 μένους,
300 2447 408 2517 νυκτὸς
431 2440 584 2530 ἀσελήνου
607 2447 641 2508 τὸ
665 2444 868 2528 στρατόπεδον
891 2442 1004 2530 ἤγαγεν
1028 2441 1079 2507 ἐπὶ
1101 2446 1157 2517 τὰς
1180 2440 1331 2530 Ἀθήνας.
1371 2424 1494 2530 εἷχεδέ

159 2554 268 2625 πεζοὺς
300 2551 475 2636 δισμυρίους
503 2547 628 2624 ὀκτάκις
650 2552 786 2636 χιλίους,
818 2548 858 2613 ὧν
881 2549 960 2635 ἡσσιν
988 2547 1017 2614 οἱ
1049 2555 1105 2637 μέν
1127 2548 1248 2638 ἡμίσεις
1276 2547 1401 2615 ὁπλῖται
1426 2537 1494 2615 κατ’

160 2659 299 2744 ἐκλογήν,
324 2654 352 2720 οἱ
376 2658 402 2720 δ’
427 2655 548 2744 ἡμίσεις
571 2659 663 2744 ψιλοί.
709 2660 1043 2746 κατηκολοίιθουν
1068 2658 1095 2723 δ’
1120 2653 1314 2742 αὐτῷκαὶ
1337 2669 1407 2722 τῶν
1430 2653 1494 2723 ἱπ-

159 2745 263 2842 πέων
290 2761 352 2833 εἰς
374 2762 531 2848 χιλίους
561 2757 813 2840 διακοσίους,
847 2761 894 2826 ὧν
926 2761 1195 2840 ἐννακοσίους
1225 2770 1294 2853 μὲν
1326 2761 1495 2829 Βοιωτοὶ

159 2876 426 2956 παρείχοντο,
451 2871 521 2939 τοὺς
544 2870 577 2933 δέ
602 2872 726 2940 λοιποὺς
751 2868 991 2958 Πελοποννήσιοι
1014 2870 1248 2958 συνεξέπεμψαν.
1289 2869 1331 2958 ὡς
1354 2872 1380 2934 δ’
1406 2872 1494 2953 ἐγγὺς

161 2975 295 3065 ἐγενήθη
320 2962 375 3064 της
398 2977 540 3052 πόλεως,
569 2976 668 3041 ἔλαθε
699 2988 766 3050 ταῖς
788 2973 1003 3064 προφυλακαῖς
1026 2976 1149 3058 ἐγγίσας
1170 2982 1224 3043 καί
1247 2975 1362 3063 ῥαδίως
1385 2973 1496 3048 αὐτοὺς

154 3087 346 3172 ’τρεψάμενος
378 3085 430 3146 διὰ
465 3087 497 3147 τὸ
530 3083 719 3167 παράδοξον·
739 3083 859 3166 ὀλίγους
894 3088 949 3170 μὲν
982 3083 1101 3164 ἀνεῖλε,
1135 3087 1205 3156 τοὺς
1227 3084 1262 3147 ’δ’
1286 3083 1399 3158 ἄλλους
1421 3107 1494 3149 συν-

162 3191 282 3263 εδίωξεν
306 3189 390 3260 ἐντὸς
413 3203 472 3254 τῶν
496 3202 613 3277 τειχῶν.
655 3188 683 3254 οἱ
706 3191 733 3254 δ’
749 3186 915 3278 Ἀθηναῖοι
938 3194 1093 3277 μαθόντες
1118 3195 1151 3255 τὸ
1174 3196 1374 3279 γεγενημένον
1397 3190 1494 3280 ἅπασι
1540 3267 1544 3272 ,

160 3300 367 3386 παρήγγειλαν
392 3308 454 3368 τοῖς
477 3301 693 3382 πρεσβυτέροις
715 3303 768 3362 καί
792 3309 854 3368 τοῖς
878 3303 1028 3384 μεγίστοις
1050 3303 1152 3363 παισίν
1177 3295 1315 3363 ἀπαντᾶν
1339 3302 1493 3385 μετὰτῶν

161 3403 269 3471 ὅπλων.
294 3423 296 3427 ·
318 3404 359 3469 ὧν
383 3407 463 3490 ταχυ
498 3409 530 3468 τδ
566 3408 764 3490 προσταχθέν
795 3409 985 3491 ποιησάντων
1016 3403 1032 3469 ὁ
1064 3410 1119 3491 μὲν
1150 3408 1264 3479 κυκλος
1291 3415 1342 3470 τοῦ
1374 3401 1495 3492 τείχους

160 3515 281 3599 πλήρης
305 3510 423 3593 ἐγένετο
447 3523 505 3576 τῶν
529 3509 578 3575 ἐπὶ
601 3516 650 3575 τδν
673 3516 774 3577 κοινὸν
790 3512 926 3577 κίνδυνον
942 3513 1244 3599 συνδεδραμηκότων.
1268 3509 1297 3576 οἱ
1312 3513 1346 3575 δὲ
1363 3535 1495 3600 στρατη-

158 3623 205 3699 γοί
227 3631 287 3682 τῶν
312 3616 495 3706 Ἀθηναίων
519 3615 572 3704 ἅμ’
595 3616 698 3706 ἡμέρη
720 3622 909 3703 θεωροῦντες
932 3617 1136 3706 ἐκτεταμένην
1167 3621 1220 3705 τὴν
1249 3629 1306 3682 τῶν
1339 3617 1493 3706 πολεμίων

159 3727 285 3814 δι’)ναμιν
310 3726 354 3795 εἰς
377 3728 533 3814 φάλαγγα,
558 3730 592 3790 τὸ
617 3730 671 3812 μὲν
695 3728 797 3809 βάθος
820 3724 864 3800 εἰς
885 3731 1031 3810 τέτταρας
1054 3725 1184 3810 ἄνδρας,
1208 3729 1241 3789 τδ
1265 3725 1299 3788 δέ
1323 3736 1422 3813 μήκσς
1444 3723 1494 3790 ἐπὶ

159 3830 301 3901 σταδίους
325 3830 513 3913 ὀκτά,το’τε
538 3844 655 3916 πρῶτον
679 3831 901 3920 ἐξεπλάγησαν,
925 3837 1113 3917 θεωροῦντες
1135 3836 1173 3896 τὰ
1204 3832 1257 3896 διἰο
1281 3830 1360 3919 μέρη
1383 3833 1493 3918 σχεδὸν

158 3935 211 4003 ιτοῦ
234 3943 357 4022 τείχους
373 3935 437 4002 ’ὑπὸ
461 3950 518 4002 των
542 3940 695 4025 πολεμίων
720 3942 969 4028 περιειλημμένα.
1018 3943 1096 4025 μετὰ
1118 3940 1153 4004 δέ
1175 3949 1271 4003 ταῦτα
1300 3941 1370 4012 τοὺς
1393 3936 1494 4012 ἱππεῖς

158 4043 376 4116 ἐξαπέστειλαν
401 4045 492 4119 ὄντας
515 4045 752 4134 παραπλησίους
774 4052 824 4111 τὸν
850 4045 982 4133 ἀριθμὸν
1006 4057 1069 4120 τοῖς
1092 4045 1252 4119 ἐναντίοις·
1285 4044 1325 4108 ὧν
1357 4050 1415 4130 πρὸ
1439 4057 1494 4133 της

157 4155 277 4226 πόλεως
301 4157 537 4238 συστησαμένων
562 4149 755 4238 ἱππομαχίαν
786 4150 835 4217 ἐπί
857 4176 923 4217 τινα
946 4158 1057 4238 χρόνον
1085 4149 1202 4232 ἐγένετο
1231 4154 1367 4234 καρτερὰ
1395 4155 1492 4237 μάχη.

157 4257 268 4346 ἡμὲν
291 4263 363 4342 γὰρ
388 4259 548 4346 φάλαγξ
572 4264 662 4343 περὶ
685 4264 802 4323 πέντε
835 4260 1023 4332 σταδίους
1048 4257 1190 4344 ἀπεῖχε
1222 4268 1288 4322 τοῦ
1322 4263 1492 4342 τείχους,

158 4364 194 4430 οἱ
217 4368 257 4430 δέ
281 4364 415 4436 ἱππεῖς
439 4368 748 4453 συμπλακέντες
772 4363 965 4453 ἀλλήλοις
999 4369 1100 4449 πρὸς
1122 4363 1280 4434 αὐτοῖς
1303 4347 1392 4437 τοῖς
1414 4369 1493 4428 τεί-

156 4496 242 4559 χεσι
271 4474 563 4560 διηγωνίζοντο.
611 4472 639 4537 οἱ
667 4478 721 4560 μὲν
749 4470 800 4537 οὖν
829 4471 955 4538 Βοιωτοὶ
989 4471 1063 4537 καθ’
1099 4468 1208 4542 αὖτοὺς
1242 4476 1493 4557 προνενικηκότες

158 4579 208 4645 ἐπί
232 4580 337 4668 Δηλίῳ
362 4585 432 4656 τοὺς
456 4580 648 4669 Ἀθηναίους
671 4582 768 4645 δεινὸν
792 4579 919 4669 ἡγοῦντο
942 4591 999 4644 των
1027 4576 1200 4668 ἡττημένων
1233 4589 1365 4668 φανηναι
1395 4599 1494 4644 κατοι-
