3322 5086
418 298 458 352 De
478 317 546 354 novo
565 316 664 368 paeane
683 300 710 351 in
729 299 854 352 honorem
875 299 1024 367 Aesculapii
1045 301 1119 353 facio.
1419 304 1436 366 7

95 491 236 558 Traiani
254 492 404 560 dedicato
421 515 462 560 ne
478 499 578 561 verbo
596 480 724 573 quidem
742 493 949 574 imperatoris
968 494 1150 559 Romanive
1171 495 1298 576 imperii
1317 495 1439 559 mentio

97 601 187 663 sacta
210 604 278 674 est;
304 599 336 664 id
354 609 462 666 autem
481 602 537 665 vix
562 599 685 664 iactum
710 617 783 664 esse
807 600 906 673 dicas,
932 600 961 665 si
986 602 1039 665 hic
1064 603 1202 683 hymnus
1227 609 1305 666 tunc
1329 603 1437 682 ipsum

99 724 212 770 recens
238 715 387 788 penetus,
414 726 477 772 non
496 718 591 770 vetus
609 725 650 770 ex
667 705 798 770 scriniis
817 707 1020 772 aedituorum
1038 709 1307 788 sacerdotumque
1331 709 1436 773 denuo

98 819 286 894 protractus
311 820 408 880 esset.
456 813 613 878 Sermone
638 813 745 878 utitur
769 815 902 895 paeonis
927 825 1040 878 auctor
1057 814 1167 896 lyrico,
1193 814 1240 878 ita
1264 819 1374 878 tamen
1400 822 1437 878 ut

99 922 202 986 verba
226 921 369 1002 undique
401 927 571 984 mutuetur
601 940 703 1000 neque
735 921 908 985 dialectum
943 927 1065 985 certam
1091 928 1263 1000 sequatur,
1298 920 1331 983 id
1356 921 1440 1001 quod

97 1028 229 1094 doricae
253 1028 377 1092 formae
401 1039 449 1110 τᾷ,
479 1029 551 1111 τᾷδε
575 1025 684 1104 ἵλαος,
718 1026 886 1120 ἁμετέραν,
918 1032 999 1114 φάος
1023 1026 1129 1090 ἀελίου
1162 1027 1342 1107 permixtae
1367 1046 1438 1092 cum

98 1135 212 1201 atticis
238 1125 438 1219 Ἀσκληπιόν,
463 1133 620 1222 Λητοΐδην
645 1132 728 1198 satis
753 1137 971 1213 comprobant.

211 1268 345 1333 Poetam
372 1277 497 1345 autem,
530 1269 559 1332 si
583 1274 698 1349 poetae
723 1267 851 1332 nomine
875 1268 993 1348 dignus
1017 1276 1084 1340 est,
1113 1266 1349 1332 Alexandrinis
1382 1287 1440 1332 an-

100 1375 273 1455 tiquiorem
299 1394 361 1440 non
388 1394 460 1439 esse
485 1376 579 1439 docet
603 1381 852 1439 commemorata
877 1393 974 1439 versu
999 1373 1315 1456 merciensium
1340 1392 1437 1454 quam

99 1483 213 1546 urbem
230 1483 303 1567 cepte
316 1485 405 1548 πόλει
422 1488 571 1563 spectare
588 1480 652 1545 iam
669 1499 770 1561 supra
786 1480 869 1556 dixi;
889 1482 971 1545 hauc
984 1480 1070 1544 enim
1092 1485 1202 1547 urbem
1220 1501 1240 1545 e
1254 1481 1440 1546 Ptolemaeo

98 1588 216 1656 Sotere
247 1589 413 1654 conditam
448 1606 522 1652 esse
553 1569 698 1652 testatur
722 1587 921 1670 epigramma
953 1585 1223 1654 0161114925
1250 1618 1290 1643 =
1318 1587 1440 1652 Kaibel

98 1695 213 1779 Epigr.
240 1716 281 1762 ex
304 1696 365 1792 lap.
391 1695 462 1760 coll.
489 1696 554 1761 982

455 1886 457 1889 .
624 1890 626 1895 ,
809 1831 847 1916 ἣν
871 1828 1030 1894 ἐπόλισσεν

496 1932 603 2021 Σωτὴρ
627 1932 787 2020 Ἑλλήνων
812 1934 980 2018 Νιλοηενὲς
1002 1934 1128 2020 τέμενος

215 2069 387 2135 Communi
403 2088 482 2134 vero
499 2077 532 2132 et
549 2069 629 2133 trito
655 2087 803 2134 sermone
821 2070 904 2134 tales
921 2076 1034 2151 poetas
1059 2070 1107 2134 uti
1125 2070 1230 2134 solere
1253 2068 1441 2134 accuratius

98 2178 291 2242 illustratur
326 2176 391 2240 alio
429 2175 561 2256 paeanis
599 2174 782 2257 fragmento
816 2176 903 2242 OJA
938 2178 954 2240 Ι
981 2179 1081 2255 illc,
1117 2177 1201 2256 quod
1236 2175 1344 2241 simile
1379 2183 1439 2251 est,
1472 2163 1483 2186 ⁴

100 2283 218 2347 utiam
238 2282 358 2346 Kaibel
377 2282 397 2345 l.
416 2300 442 2345 c.
462 2301 513 2362 pg.
532 2284 597 2348 ‘210
613 2282 859 2358 animadvertit,
877 2283 993 2364 paceni
1011 2283 1218 2358 Atheniensi,
1237 2281 1439 2347 simillimum

100 2397 210 2454 autem
237 2387 312 2453 lruic
336 2387 547 2453 Ptolemeosi.
600 2389 662 2453 lost
695 2389 776 2454 illud
800 2377 928 2470 quiidein
962 2390 1179 2472 fragmentum
1205 2389 1345 2454 maxime
1375 2407 1441 2454 mu·

101 2495 212 2574 tilum,
245 2496 302 2560 sed
319 2514 439 2581 margo
469 2495 589 2576 lapidis
618 2496 735 2562 dexter
758 2497 834 2561 inde
858 2517 878 2562 a
901 2516 999 2563 uersu
1028 2496 1264 2562 tornationis
1288 2504 1442 2562 servatus

102 2603 242 2679 indicat,
279 2602 422 2682 quaein
453 2605 554 2667 verba
577 2602 720 2668 exierint
751 2604 872 2686 singuli
905 2603 1129 2685 inscriptionis
1155 2622 1281 2668 versus
1331 2604 1441 2688 Quare

101 2730 174 2776 com
200 2712 288 2774 inter
312 2693 446 2792 uerbum
465 2709 581 2794 Ὑγιεία
596 2717 639 2792 (ν.
659 2713 714 2793 14)
737 2722 771 2776 et
787 2713 964 2797 σεμνόματε
987 2713 1105 2792 (ν.15)
1129 2711 1313 2776 necessario
1339 2717 1441 2775 totum

101 2817 274 2883 lormulum
294 2815 481 2881 sollemnem
499 2816 531 2904 1η
548 2823 654 2896 παιάν,
676 2817 860 2905 Ἀσκληπιέ,
877 2820 987 2903 δαῖμον
1011 2818 1171 2882 excidisse
1187 2824 1325 2896 constet,
1342 2815 1441 2881 etiam

102 2925 135 2988 in
153 2923 230 2988 aliis
246 2922 399 2989 versibus
416 2924 499 2988 satis
516 2943 669 3006 magnum
685 2925 827 3006 spatium
845 2926 885 2990 ad
903 2925 1115 3006 supplendum
1139 2923 1233 2988 nobis
1249 2924 1362 2988 datum
1378 2931 1447 2988 est·

103 3033 227 3112 Magna
250 3029 355 3111 igitur
379 3050 450 3095 cum
475 3031 710 3112 probabilitate
738 3031 891 3097 maiorem
922 3032 1057 3113 paeanis
1083 3039 1206 3112 partem
1240 3029 1309 3095 fere
1333 3029 1367 3094 in
1393 3028 1443 3093 in-

104 3151 233 3220 tegrum
251 3137 429 3205 restituere
453 3156 635 3217 possumus.
675 3140 726 3203 En
753 3141 862 3222 habau,
887 3158 927 3202 ne
944 3141 1047 3203 verba
1071 3138 1173 3203 multa
1198 3135 1323 3211 faciam,
1350 3134 1441 3200 resti·

103 3245 263 3308 tutionem
288 3265 308 3309 a
332 3262 383 3309 me
407 3243 643 3326 excogitatum:

375 3377 435 3442 Ξὺν
462 3378 624 3464 ἀηακλιιτιῑι
648 3376 771 3461 edumei
794 3377 869 3464 Ὑηι]
896 3385 945 3464 εἰη
968 3378 999 3466 ’τὴ
1025 3381 1129 3462 [παιάν

464 3484 655 3573 Ἀσκληπιὸν
679 3486 740 3570 δαί]
767 3508 845 3570 μονα
869 3487 972 3550 κλεινό
997 3487 1095 3569 [τατον

468 3591 495 3657 ἰὲ
520 3598 614 3657 παιάν
638 3595 700 3677 τοῦ]
726 3594 759 3656 δὲ
783 3598 837 3658 καὶ
860 3593 946 3673 ἐξεηέ

374 3697 459 3763 νοντοΙ
484 3699 627 3786 Μαχάων
651 3705 705 3765 καὶ
729 3704 737 3785 l
763 3700 969 3784 Ποδαλείριος
994 3698 1053 3785 [ἠδ’

374 3805 464 3868 Ἰασὼ
490 3804 612 3870 'Amaci
636 3831 667 3869 τε
692 3810 723 3891 τι]
749 3809 908 3876 ολῦλλιτος
932 3805 955 3869 ὡ
981 3804 1018 3889 [ie
1044 3811 1136 3869 παιάν

318 3900 321 3905 ’
375 3911 477 3999 Αἴγλη
502 3916 526 3976 τ’
553 3912 664 3984 εδιῐιπις
687 3918 695 3999 ]
721 3913 746 3977 Ξ
772 3913 899 3979 Πανάκε
925 3915 968 3997 [ια
991 3937 1023 3976 τε

376 4019 524 4106 Ἠπιόνης
549 4023 687 4105 παῖδες]
712 4021 786 4106 &pilu
810 4018 912 4101 ἀηανιλ
937 4022 1006 4104 [σιῷ

469 4126 591 4210 occupet
615 4127 734 4212 Ὑηιείη
758 4132 765 4213 ]
790 4127 821 4214 ἰη
845 4132 939 4192 παιάν

379 4234 561 4321 Ἀσκληπιέ,
586 4239 698 4321 δαῖμον
721 4238 749 4320 τι]
775 4238 929 4298 λεινότατε
954 4232 980 4297 ἱὲ
1006 4236 1110 4317 [παιάν

374 4341 466 4428 χαῖρέ
491 4367 541 4427 μοι
565 4342 629 4427 ilua]
655 4367 691 4415 ος
715 4341 875 4406 δ’ἐτινίσεο

378 4449 529 4535 ἁμετέραν
556 4454 642 4515 πόλιν
668 4448 750 4535 εὐρὺ]
777 4471 870 4535 χορον
893 4447 930 4524 ἱὲ,
956 4448 979 4512 ὦ
1004 4447 1030 4512 ἱὲ

377 4562 471 4620 παιάν
489 4612 493 4622 .
511 4559 564 4627 δὸς
587 4559 613 4621 δ’
637 4556 723 4645 ἡμᾶς
752 4559 874 4642 χαίρον]
903 4580 960 4629 τας
