3322 5086
743 252 823 306 Erich
842 253 972 308 Ziebarth.

547 445 620 531 ὁρᾶν
644 452 724 535 φάος
748 449 855 515 ἀελίου
879 453 978 536 douln]
1004 475 1058 525 οος

547 553 596 624 ξὺν
621 553 781 642 ἀγακλοτῷ
806 556 928 638 εὐαογεῐ
951 559 959 641 ]
985 556 1100 641 Ὑγεεία

456 659 487 746 ’νὴ
512 663 605 724 παιὰν
631 659 811 749 Ἀσκληπιέ,
835 665 928 747 baino
952 665 961 746 1
987 685 1001 723 ν
1026 669 1120 746 σεμνό
1145 665 1226 747 [τατε
1245 665 1267 743 ¹)
1319 688 1322 693 ·
1438 652 1440 657 ’
1491 667 1529 730 15

282 767 440 833 Videmus
469 765 610 847 lapidem
640 756 839 852 Aegyptium
869 787 890 831 a
921 768 1129 847 praecedenti
1158 767 1279 854 (lllb)
1311 788 1347 832 eo
1384 771 1527 853 differre,

193 876 276 956 quod
314 891 429 938 versus
462 891 527 938 uon
557 874 703 939 distincti
732 875 800 938 sint
835 892 937 952 neque
971 891 1113 953 semper,
1151 875 1179 936 si
1211 873 1292 939 fides
1326 879 1523 958 apographo,

193 983 326 1048 verbum
357 999 429 1044 cum
462 998 559 1044 versu
584 980 725 1045 finiatur.
773 978 915 1044 Servata
938 986 1046 1044 autem
1072 985 1123 1044 est
1151 981 1343 1063 genealogia
1367 989 1401 1046 et
1424 981 1531 1061 prima

194 1106 270 1169 pars
294 1085 561 1167 supplicationis;
586 1086 781 1164 sequebatur
804 1082 876 1149 sine
900 1085 998 1150 dubio
1015 1085 1121 1152 altera
1137 1106 1208 1153 oum
1227 1086 1532 1153 commemoratione

194 1194 406 1258 Athenarum.
454 1194 630 1257 Praeterea
665 1189 839 1254 notandum
877 1199 945 1267 est,
983 1191 1046 1257 iam
1080 1193 1114 1257 in
1144 1193 1208 1258 fine
1244 1195 1368 1275 primae
1400 1197 1533 1276 paeanis

194 1299 298 1382 partis
329 1299 517 1365 sollemnem
542 1295 690 1378 Hygieae
721 1314 851 1361 versum
880 1297 1041 1375 inveniri,
1076 1301 1161 1380 quod
1192 1319 1327 1380 prorsus
1356 1320 1375 1364 a
1406 1301 1534 1366 ratione

193 1406 329 1472 duorum
360 1406 499 1472 aliorum
529 1421 684 1484 paeonum
709 1402 882 1486 discrepat.

304 1514 475 1579 Postremo
498 1527 601 1592 pauca
624 1507 751 1574 adferre
775 1509 881 1576 visum
906 1511 1022 1577 estad
1046 1504 1177 1594 singula
1210 1513 1311 1578 verba
1334 1513 1431 1578 huius
1461 1532 1534 1596 pae-

194 1619 267 1686 auis
290 1617 520 1685 illustranda
1473 1626 1481 1643 ·

309 1745 338 1791 ν.
375 1728 403 1790 1.
434 1725 628 1812 κλοτομητις.
676 1720 770 1806 Quod
795 1724 908 1806 Bergk
941 1725 1032 1792 PLG
1056 1725 1093 1790 2⁴
1122 1744 1174 1807 pg.
1201 1727 1266 1790 245
1297 1726 1339 1791 ad
1363 1726 1534 1808 Sophoclis

196 1851 351 1915 paeanem
394 1829 536 1896 coniecit
573 1830 765 1911 Aesculapio
804 1831 959 1896 sollemne
993 1830 1097 1898 fuisse
1133 1851 1309 1915 cognomen
1333 1836 1531 1922 κλυτόμητις,

196 1939 290 2005 cuins
325 1937 373 2003 rei
407 1955 507 2003 causa
540 1936 626 2018 apud
658 1936 895 2002 Philostratum
928 1937 1005 2004 Jun.
1043 1939 1140 2021 imag.
1176 1941 1217 2004 13
1253 1942 1439 2028 κλυτόμητις
1476 1960 1535 2022 pro

197 2045 403 2133 Κλοτομήτης
425 2042 596 2127 legendum
620 2043 761 2120 censuit,
792 2045 852 2109 hoc
874 2047 1019 2112 carmine
1041 2047 1280 2127 comprobatur.
1336 2046 1433 2113 Solus
1457 2048 1535 2115 Vul-

176 2161 298 2219 'canus
332 2155 465 2234 praeter
495 2148 728 2235 Aesculapium
760 2150 821 2214 hoc
853 2151 1043 2234 cognomine
1075 2152 1183 2218 utitur
1215 2151 1248 2216 in
1283 2154 1401 2236 hymno
1437 2155 1534 2220 Hom.

202 2261 250 2338 19,
278 2257 335 2341 1.¹)
352 2256 430 2324 Toni
445 2275 524 2324 vero
540 2256 651 2322 versui
667 2255 770 2337 primo
787 2255 915 2322 Παιᾶνα
930 2260 1115 2346 κλυτόμητιν
1140 2257 1266 2324 ἀείσατε
1282 2269 1388 2344 κοῦροι
1404 2259 1536 2325 confere

199 2365 294 2433 iuvat
316 2364 408 2448 lsylli
432 2362 567 2447 paeanis
593 2380 721 2430 versum
747 2366 776 2429 1.
802 2361 828 2428 ἱὲ
851 2376 970 2432 παιᾶνα
992 2368 1068 2431 θεὸν
1093 2363 1219 2431 ἀείσατε
1242 2368 1325 2431 λαοί.

272 2482 278 2492 ·
307 2489 340 2538 v.
357 2473 387 2537 2.
423 2469 570 2535 Ἕτατον.
591 2469 692 2535 Primi
708 2469 844 2535 editoris
860 2469 1053 2553 opinionem,
1069 2471 1126 2553 qui
1143 2471 1252 2539 ἕκατον
1271 2472 1374 2538 vertit
1391 2477 1533 2550 cautum,

202 2597 274 2645 esse
294 2577 491 2644 reiciendum
506 2576 586 2658 ipse,
611 2576 734 2659 opinor,
759 2576 943 2643 consentiet
959 2579 1151 2644 recordatus
1167 2578 1232 2644 iam
1249 2579 1336 2660 apud
1352 2580 1536 2646 Homerum

204 2684 233 2751 H
257 2688 301 2753 83
324 2693 359 2751 et
382 2684 489 2752 reeb
513 2683 622 2751 ἑκατὸν
638 2685 827 2750 Ἀπόλλωνα
837 2684 923 2750 idem
939 2685 1024 2766 quod
1040 2683 1231 2774 ἑκατηβόλον
1249 2686 1321 2754 ’Aa
1337 2687 1535 2768 significare.
1555 2668 1559 2679 ’

313 2812 343 2858 v.
370 2794 398 2857 7.
437 2802 488 2857 τοῦ
512 2791 546 2856 δὲ
568 2796 622 2856 καὶ
645 2789 814 2873 ἐξεγένοντο
831 2821 874 2847 =
891 2790 979 2858 (ΗΑ
1005 2793 1078 2870 171,
1104 2795 1133 2858 3.
1162 2793 1331 2860 Particula
1353 2799 1408 2860 καὶ
1431 2794 1539 2860 otiosa

201 2908 253 2966 est
275 2905 355 2966 eta
378 2896 507 2966 novicio
530 2903 626 2978 poeta
649 2898 732 2964 male
761 2897 894 2964 videtur
916 2916 989 2964 esse
1011 2899 1158 2985 adiecta3
1190 2900 1302 2967 omisit
1330 2920 1402 2966 eam
1434 2920 1539 2982 paean

196 3003 431 3072 Atheniensis.

314 3131 344 3178 ν.
369 3113 400 3178 8.
435 3110 484 3200 ἡδ’
513 3109 611 3176 Ἰασὼ.
650 3113 788 3178 Pravam
813 3111 1050 3193 correptionem
1074 3113 1213 3180 duarum
1237 3114 1416 3196 primarum
1442 3113 1538 3197 sylla·

203 3223 316 3286 barum
341 3217 468 3284 novicio
491 3225 607 3300 poetae
623 3218 865 3285 condonandam
891 3218 956 3284 iam
973 3219 1140 3303 Bergkius
1164 3221 1411 3287 animadvertit.
1447 3220 1539 3286 ldsm

203 3328 286 3409 quod
305 3325 427 3392 Ἀκεσώ
451 3326 538 3392 inter
554 3325 742 3407 Aesculapii
759 3325 845 3391 filias
868 3345 1026 3408 nusquam
1051 3327 1116 3393 nisi
1142 3327 1175 3392 in
1201 3347 1324 3410 paeane
1341 3326 1542 3392 Atheniensi

202 3440 236 3500 et
260 3435 345 3516 apud
368 3431 503 3500 Suidam
535 3430 913 3520 σ.ν.’11τιόνηνο1ετι·1
943 3433 1099 3525 adnotat„
1132 3435 1253 3501 addere
1284 3434 1393 3516 potuit
1425 3453 1541 3498 nomen

204 3540 325 3606 Ἀκεσώ
349 3539 382 3605 in
408 3541 515 3623 Etym.
553 3540 663 3622 Magn.
698 3557 721 3606 s.
747 3558 778 3605 ν.
802 3536 920 3614 Ἠτιος
956 3559 1017 3605 nou
1054 3540 1125 3607 sine
1154 3561 1274 3625 magna
1304 3539 1543 3623 probabilitate

315 3702 333 3770 ¹)
353 3706 395 3755 ad.
415 3719 441 3755 v.
462 3701 495 3756 l:
520 3703 668 3766 pleniorem
687 3703 801 3753 formam
826 3717 875 3766 pro
901 3703 1021 3767 simplici
1048 3701 1094 3753 ehu
1113 3684 1265 3773 ἀριτρέτττῳ
1284 3705 1400 3754 adhibui
1420 3704 1494 3766 quod
1515 3719 1541 3753 v.

204 3793 220 3845 'l
239 3799 378 3845 servatum
397 3798 440 3844 est
458 3787 556 3859 &scalt

313 3885 348 3933 sd
368 3900 391 3933 v.
411 3880 440 3933 2:
471 3882 585 3932 variatio
605 3882 686 3930 huius
706 3896 799 3932 versus
824 3877 1017 3951 Ἀσκληπιὸν
1036 3878 1118 3936 elatu.
1147 3879 1303 3953 Ἀσκληπιέ
1328 3878 1419 3947 aleta,
1446 3877 1544 3933 Ἀσκλ.

206 3970 334 4041 αεμνότ
356 3976 484 4022 accurate
503 3971 647 4034 respondet
665 3971 764 4021 rationi
783 3972 896 4034 paeanis
913 3973 1050 4036 Aegyptii.

313 4062 347 4111 ad
367 4077 391 4112 v.
412 4057 443 4112 6:
468 4061 568 4110 (luctus
588 4053 608 4107 Ξ
628 4060 655 4107 in
676 4059 765 4122 lapide
784 4063 849 4110 ante
867 4055 971 4111 Παναν.
990 4063 1091 4112 servati
1111 4063 1236 4113 indicant
1256 4063 1376 4112 litteram
1397 4055 1428 4124 Ε,
1447 4075 1543 4124 quam·

206 4167 289 4215 quam
309 4151 471 4214 particulam
492 4163 518 4196 τε
538 4149 589 4198 hcc
608 4149 664 4198 loco
682 4153 711 4197 et
728 4163 825 4199 sensus
843 4153 872 4200 et
890 4153 1008 4200 metrum
1029 4157 1170 4215 respuunt.

315 4240 350 4289 ad
368 4255 393 4288 v.
413 4235 444 4288 7:
470 4238 596 4302 Spatium
615 4238 685 4287 inter
704 4233 726 4286 N
748 4242 775 4287 et
795 4232 816 4286 Ξ
835 4239 944 4304 longius
962 4244 1017 4306 eet,
1047 4255 1132 4304 quam
1160 4246 1193 4290 ut
1217 4253 1274 4290 una
1299 4241 1392 4289 litters
1410 4239 1546 4289 excidisse

209 4331 342 4380 videatur.

315 4414 334 4481 ¹)
354 4417 450 4468 Simile
464 4414 617 4479 Aesculapii
636 4429 783 4479 cognomen
802 4418 934 4467 sollemne
953 4417 1061 4466 videtur
1079 4433 1137 4467 esse
1151 4411 1316 4479 ἀλεξὶττονος,
1333 4415 1406 4478 quod
1427 4415 1545 4464 verbum

210 4513 398 4572 praeterquam
419 4507 447 4555 in
466 4521 568 4569 paeane
587 4505 746 4555 Atheniensi
765 4510 792 4556 et
812 4506 955 4570 Sophoclis
974 4521 1078 4570 paeane
1097 4506 1160 4557 ch
1180 4505 1221 4555 III
1244 4503 1292 4556 171
1312 4520 1337 4568 g.
1356 4505 1447 4554 solum
1468 4505 1543 4567 apud

208 4599 353 4662 scriptores
372 4595 571 4645 recentissimos
589 4595 712 4647 occurrit.
