3322 5086
167 323 231 390 ¹80
648 318 747 376 Paulus
765 318 939 400 Hildebrandt

275 521 327 585 De
358 521 420 585 hac
443 539 478 584 re
501 519 556 601 qui
579 519 613 584 in
644 519 817 591 dirersam¹
837 525 961 602 partem
994 519 1248 601 disputaverunt
1269 522 1499 589 Tbelheinrins

162 631 182 696 l.
214 649 240 696 c.
276 632 316 695 13
347 647 416 711 sqq.
449 642 483 692 et
506 627 660 693 Roeblins
690 628 860 708 (Zeitschr.
893 627 1248 709 f..Gymnasialwesen
1280 631 1392 708 1874‚·
1415 631 1497 706 ‘1713

162 737 203 804 01.
229 736 283 814 ib,
307 733 559 802 Jahresbericbt
584 736 678 810 1871,
701 736 758 816 41)
787 733 861 799 inde
885 720 1020 815 proiecti
1043 741 1132 809 sunt,
1163 735 1249 816 quod
1271 752 1409 816 poenam
1432 754 1499 815 qua

107 867 112 874 ·
162 843 300 909 affectus
330 850 403 907 erat
434 840 541 921 priore
570 840 699 905 actione
723 840 929 921 Polystratus
959 841 1069 920 (514.
1098 842 1150 921 18)
1181 840 1322 905 nondum
1355 839 1497 906 solutam

162 951 265 1016 inisse
299 954 442 1014 censent.
492 949 607 1028 ltaque
635 947 792 1013 Boeblius
824 948 906 1028 hane
939 946 1119 1011 orationem
1148 947 1183 1013 in
1219 948 1349 1012 actione
1385 948 1497 1034 ψευδο,-

162 1067 334 1145 μαρτοριῶν
359 1054 503 1119 habitam
519 1073 591 1120 esse
614 1053 792 1132 existimat,
815 1071 879 1133 qua
890 1051 1103 1138 Polystratus
1126 1053 1247 1135 prioris
1270 1071 1391 1119 causae
1415 1053 1497 1117 indi·

161 1163 246 1230 cium
281 1161 467 1228 rescindere
500 1167 636 1226 coriatus
671 1160 725 1226 sit.
785 1159 889 1243 Quam
921 1159 1140 1243 coniecturam
1183 1159 1381 1225 1010101111οτ1
1420 1178 1498 1225 esse

161 1287 272 1336 omnes
296 1265 442 1334 homines
458 1266 545 1332 docti
566 1266 814 1332 intellexerunt:
840 1285 944 1347 neque
964 1265 1050 1331 enim
1076 1274 1247 1333 accusator
1262 1257 1328 1332 liac'
1346 1260 1497 1331 oratione

160 1377 373 1459 Polystratus
397 1375 476 1458 agit,
501 1374 557 1439 sed
581 1393 656 1440 rens
679 1372 874 1439 defenditur.
914 1373 1040 1461 Contra
1055 1373 1281 1457 Thalheimins
1302 1372 1343 1438 de
1366 1371 1497 1439 actione

161 1483 352 1572 ἀπογραφῆς
368 1473 587 1564 cogitavit‘in
604 1472 825 1563 Polystratum
849 1480 986 1556 intenta.
1011 1499 1083 1567 cum
1105 1480 1242 1546 multam
1258 1479 1293 1546 in
1310 1479 1497 1563 prioralite

160 1590 345 1672 impositam
377 1608 440 1653 non
473 1587 618 1654 solverit.
666 1586 771 1671 Quam
802 1582 997 1670 opinionem
1014 1593 1049 1653 et
1078 1587 1236 1653 lboeblius
1267 1582 1432 1665 refutavit
1463 1593 1498 1651 et

160 1696 297 1762 Publius
320 1697 385 1777 (De
413 1695 560 1760 oratione
583 1714 641 1776 pro
666 1695 853 1777 Polystrato
875 1684 1046 1778 Lysiacae(
1061 1697 1236 1778 Argentor.
1264 1695 1360 1771 1881,
1385 1695 1495 1775 1121).

272 1802 396 1870 Verum
424 1801 553 1867 omnino
576 1802 712 1866 multam
741 1801 828 1866 illam
853 1801 1085 1885 axPolystrato
1109 1820 1173 1867 non
1197 1819 1271 1867 esse
1295 1799 1437 1865 solutam
1462 1804 1497 1864 et

160 1909 194 1976 in
218 1908 329 1994 eodem
353 1907 573 1990 argumento
563 1927 597 1972 rn
622 1926 685 1990 qno
708 1907 847 1990 priorem
871 1895 1031 1995 actionem
1055 1909 1191 1975 alteram
1216 1925 1343 1990 quoque
1367 1906 1496 1972 versari

160 2035 253 2083 nemo
277 2015 439 2099 probavit
500 2043 503 2049 ·
1017 2066 1020 2071 .

221 2124 358 2189 .Nam
383 2121 468 2203 quod
491 2125 512 2204 5
537 2123 578 2188 15
600 2133 666 2196 πῶς
688 2119 779 2185 ἂν
749 2144 801 2188 0ον
824 2119 880 2187 οὐκ
903 2119 939 2185 ἂν
963 2123 996 2186 δ
999 2146 1047 2188 ινα
1060 2127 1245 2209 πάσχοιμεν
1265 2092 1495 2188 Τ110111011111110

159 2170 200 2296 ad
233 2232 334 2297 verba
363 2233 400 2310 5
416 2229 458 2294 14
487 2227 569 2317 ὦφλε
599 2234 746 2316 χρήματα
774 2239 906 2294 τοσαῦτα
936 2236 1082 2316 reuocat
1102 2235 1259 2311 putatque
1283 2227 1377 2309 queri
1408 2227 1495 2295 lilios
1554 2246 1556 2250 ·

159 2343 286 2403 tantam
311 2355 446 2418 poenam
462 2334 527 2401 sibi
549 2335 737 2402 solvendam
760 2353 847 2401 esse:
872 2329 1000 2419 rectius
1009 2335 1068 2418 illa
1084 2338 1195 2443 rerba
1199 2336 1241 2417 ad
1264 2353 1385 2402 norum
1409 2328 1502 2417 qnod

160 2462 215 2510 reo
239 2442 389 2508 imminet
413 2442 589 2527 pericnlum
614 2441 744 2508 rettulit
767 2442 902 2508 Pohlius
925 2462 956 2524 p.
980 2446 1081 2526 20

246 2545 432 2616 Similiter
448 2552 469 2631 5
488 2551 526 2614 18
542 2552 654 2636 καὶμὴ
670 2551 858 2635 θαυμάζετε,
882 2573 906 2613 o
887 2547 951 2614 ἄ
969 2547 1077 2635 1.,311
1093 2559 1225 2641 τοσαῦτα
1241 2548 1325 2638 ὦφλε
1344 2555 1495 2638 χρήματα

161 2655 419 2739 magnitudinem
443 2655 565 2721 multae
581 2673 645 2745 non
670 2654 741 2719 ideo
764 2660 899 2721 excusat
914 2636 1137 2740 maiomenis
1159 2656 1299 2722 nondum
1323 2657 1435 2737 soluta
1450 2657 1495 2723 sit

158 2762 340 2844 (Tbelheim
365 2782 394 2843 p.
422 2765 481 2845 14),
506 2763 561 2828 sed
587 2781 626 2827 ne
649 2781 750 2843 grave
773 2762 893 2827 crimen
917 2752 938 2827 a
961 2754 1015 2829 reo
1031 2753 1244 2844 commissum
1268 2780 1339 2828 esse
1370 2761 1495 2829 indices

159 2869 224 2936 sibi
247 2870 507 2978 persuadeant.
578 2864 594 2949 J
941 2918 944 2923 ,
1143 2892 1146 2898 ·
1353 2918 1359 2928 .

270 2976 347 3042 Non
374 2966 497 3041 maiore
528 2975 599 3041 iure
601 2965 732 3042 verbis
755 2979 776 3058 5
799 2977 841 3041 33
872 2976 977 3066 utitur
1000 2917 1233 3062 'lliallieimina
1285 2975 1349 3042 Ubi
1380 2970 1495 3043 orator

159 3088 259 3165 caput
281 3101 391 3163 snum,
417 3102 479 3148 11011
504 3082 570 3148 1011
556 3090 652 3149 tunes
675 3082 709 3147 in
734 3083 876 3164 periculo
900 3081 971 3167 esse
994 3093 1132 3168 questus
1154 3083 1247 3166 addit
1233 3082 1328 3158 11ος
1352 3087 1410 3171 μὲν
1432 3087 1492 3169 γὰρ

160 3188 307 3278 εἰρήνη
288 3213 337 3278 ην,
356 3188 431 3277 ἡμῖν
454 3195 573 3278 φανερὰ
598 3187 686 3255 oootor
709 3194 762 3254 καὶ
785 3188 862 3278 ἠνὸ
884 3195 984 3276 πατὴρ
1005 3189 1131 3276 ,ἀγαθὸς
1152 3198 1286 3278 γεωργός
1304 3183 1436 3280 ’ἐπειδὴ
1460 3192 1494 3256 δὲ

159 3295 320 3381 εἰσέβαλον
344 3294 373 3361 οἱ
400 3292 552 3383 πολέμιοι,
583 3302 702 3363 πάντων
726 3299 837 3361 rebeum
866 3295 1087 3385 ἐστερήθημεν.
1129 3299 1176 3384 ,an
1202 3298 1313 3382 causis
1340 3299 1494 3386 fortunae

159 3400 348 3484 deperditae
383 3402 517 3467 multam
542 3421 667 3484 quoqne
690 3405 997 3470 commemorandam
1034 3403 1149 3482 fuisse,
1186 3405 1216 3470 si
1251 3396 1360 3471 solnta
1394 3412 1492 3483 esset,

159 3509 332 3576 Roeblium
367 3515 499 3574 secutus
527 3509 749 3576 Tbelheimius
782 3517 902 3577 censet.
950 3511 1067 3599 Atqui
1083 3512 1131 3598 de,
1157 3511 1265 3577 causis
1300 3513 1493 3581 imminutae

159 3616 311 3706 fortunae
335 3616 542 3702 recensendis
566 3636 628 3682 noo
654 3619 779 3700 agitur:
804 3637 882 3701 agro
906 3637 964 3683 suo
987 3637 1024 3684 se
1047 3638 1113 3704 per.
1128 3603 1204 3707 belli
1224 3612 1493 3702 Peloponnesiaci

157 3720 308 3789 miserias
334 3717 509 3804 spoliatum
532 3741 604 3789 esse
626 3731 718 3791 actor
741 3726 886 3792 consulto
910 3733 942 3791 et
965 3725 1109 3810 cogitate
1129 3725 1203 3791 affir
1206 3732 1283 3803 mat
1309 3731 1348 3791 ut
1369 3736 1406 3793 01
1430 3728 1490 3794 iac·

159 3835 253 3894 turae
282 3849 340 3911 pro
370 3848 405 3894 re
435 3829 564 3911 publica
592 3829 698 3898 100100
728 3828 860 3898 iudices
878 3831 1144 3903 commonefaciat
1130 3837 1219 3896 tet
1234 3831 1491 3918 misericordiam

158 3935 222 4001 sibi
241 3935 402 4003 conciliet
445 3940 473 4003 A
492 3956 554 4018 quo
571 3926 705 4006 consilio
729 3959 861 4022 prorsus
885 3940 993 4026 aliena
1008 3947 1081 4006 erat
1104 3915 1226 4013 multae
1242 3938 1332 4005 illius
1357 3940 1489 4027 11100110.

160 4041 253 4128 Quae
277 4050 336 4108 ant
337 4063 385 4109 em
411 4045 490 4109 stat
467 4052 524 4110 tim
548 4054 728 4127 sequuntur
751 4047 827 4112 ὥστε
851 4046 948 4112 αὐτῶν
971 4051 1083 4132 τούτων
1104 4046 1195 4137 ἕνεκα
1219 4049 1375 4134 πρόθυμοί
1399 4045 1492 4134 ,ἐσμεν

159 4149 203 4224 εἰς
225 4147 315 4237 ὑμᾶς,
340 4150 493 4226 εἰδότες
477 4177 521 4217 οτι
551 4159 698 4240 χρήματα
723 4159 776 4240 μὲν
800 4154 871 4242 ἡμῖν
900 4179 968 4220 oon
997 4155 1077 4219 ἔστι
1107 4132 1229 4242 11111.ον
1260 4152 1490 4241 ὲκτίσωμεν,

159 4256 244 4322 αὐτοὶ
268 4260 301 4322 δὲ
332 4262 486 4346 πρόθυμοι
518 4261 602 4331 ὄντες
630 4259 674 4331 εἰς
703 4257 783 4347 ὑμᾶς
813 4261 984 4349 dioninsio.
1016 4252 1215 4345 εὑρίσκεσθαι
1245 4265 1355 4348 χάριν,
1387 4281 1427 4328 ea
1450 4263 1491 4328 ad

158 4365 331 4430 multam
323 4367 615 4446 imminentem,
647 4387 743 4449 quam
766 4368 950 4449 impositum
975 4388 1038 4433 nen
1063 4369 1105 4434 iri
1129 4376 1239 4458 speret
1262 4376 1389 4454 010101,
1422 4389 1491 4451 per-

158 4471 290 4537 tinere
282 4474 405 4540 mimia
422 4495 484 4558 neg
464 4481 521 4540 oet
536 4475 769 4552 Thalbeimius
794 4495 864 4540 cum
881 4477 920 4542 de
938 4474 1121 4542 inultorum
1140 4474 1294 4563 imposita
1309 4477 1491 4580 nequedum

157 4578 265 4645 soluta
288 4599 327 4646 ea
352 4583 461 4648 valere
486 4589 562 4648 cont
549 4585 688 4693 tendat.
711 4582 797 4648 Cous
795 4604 868 4649 eras
891 4574 1140 4671 111011οξ31
1111 4607 1146 4649 oo
1169 4588 1229 4690 γᾴρ
1252 4581 1343 4672 ἠμεις
1365 4590 1489 4674 χρημά-
